4817 5934
2217 593 2681 662 ...4-

653 785 897 858 obiter’.
986 791 1104 858 sed
1149 790 1336 856 divus
1379 789 1750 856 Hadrianus
1791 782 2090 856 ‘tametsi'
2141 788 2349 872 inquit
2388 781 2743 869 ‘Augustus
2786 806 2914 854 non
2956 787 3365 871 pereruditus
3408 787 3600 854 homo
3644 785 3854 869 fuerit,
3898 792 3971 852 ut
4012 787 4081 852 id
4125 787 4243 854 ad-

657 910 946 978 verbium
991 928 1117 976 non
1159 927 1286 976 usu
1325 909 1542 992 potius
1585 927 1776 990 quam
1820 907 2096 974 lectione
2137 902 2525 990 protulerit’.

920 1031 1020 1095 11.
1084 1027 1452 1095 Priscianus
1495 1047 1557 1110 p.
1586 1028 1732 1107 547,
1777 1029 1848 1094 2:
1889 1021 2131 1094 ‘ambio’
2183 1025 2265 1091 ab
2305 1018 2419 1093 ‘eo’
2465 1025 2887 1108 compositum
2930 1026 3138 1092 solum
3183 1025 3457 1092 mutavit
3492 1024 3950 1108 paenultimam
3996 1043 4033 1089 e
4072 1023 4140 1089 in
4186 1024 4239 1106 i;

658 1148 880 1231 itaque
921 1148 988 1213 in
1031 1141 1136 1212 ‘io'
1185 1147 1439 1230 quidem
1485 1145 1911 1212 desinentium
1955 1145 2242 1228 regulam
2290 1145 2576 1210 servavit
2618 1145 2683 1209 in
2728 1144 3069 1227 participio
3115 1148 3182 1210 et
3220 1144 3285 1209 in
3331 1143 3561 1226 supino
3578 1194 3594 1225 ,
3647 1144 3885 1228 quippe
3925 1144 4242 1226 producta

658 1267 1080 1352 paenultima,
1139 1265 1420 1332 ambitus
1463 1266 1707 1331 ambita
1747 1265 2056 1331 ambitum
2069 1315 2085 1344 ,
2128 1264 2194 1330 in
2238 1263 2493 1330 nomine
2539 1268 2753 1330 autem
2798 1263 2935 1330 sive
2976 1262 3287 1328 vocabulo
3331 1263 3445 1344 rei,
3488 1262 3886 1330 differentiae
3929 1279 4127 1329 causa
4167 1261 4236 1326 in

653 1381 772 1452 ‘eo’
813 1384 1290 1452 terminantium
1332 1383 1622 1465 regulam
1667 1402 1952 1466 servans,
2007 1383 2314 1466 corripuit
2354 1383 2813 1464 paenultimam
2857 1383 3137 1449 ambitus
3180 1419 3263 1430 —
3307 1387 3379 1447 ut
3407 1380 3675 1448 Ovidius
3717 1382 3785 1449 in
3828 1383 3859 1448 I
3901 1386 4241 1447 metamor·

660 1505 949 1589 phoseon
994 1505 1082 1588 (V.
1112 1503 1258 1586 37):
2391 1485 2400 1494 ’
2926 1477 2931 1483 ’

1649 1621 1849 1688 Iussit
1891 1626 1957 1687 et
1998 1620 2277 1688 ambitae
2321 1620 2717 1687 circumdare
2757 1619 2949 1686 litora
2988 1626 3221 1701 terrae,

660 1745 962 1811 Lucanus
1005 1742 1070 1808 in
1117 1741 1148 1806 Ι
1192 1742 1280 1825 (ν.
1310 1740 1496 1825 179):

2192 1858 2535 1942 letalisque
2577 1857 2854 1924 ambitus
2898 1857 3041 1924 urbi

1647 1978 1882 2042 Annua
1925 1976 2135 2044 venali
2177 1977 2461 2044 referens
2505 1979 2855 2044 certamina
2899 1996 3153 2060 campo;

661 2100 952 2184 quamvis
999 2099 1339 2166 Scaurus
1381 2097 1448 2162 in
1493 2102 1767 2180 utroque
1812 2095 2083 2162 similem
2144 2115 2291 2163 esse
2347 2101 2634 2164 tenorem
2691 2097 2961 2178 putavit.
3050 2099 3167 2164 sed
3212 2095 3495 2163 Velius
3540 2095 3778 2163 Celer
3833 2094 4237 2178 respondens

660 2217 1085 2286 Hadriano
1126 2216 1610 2298 imperatori
1653 2234 1789 2298 per
1833 2215 2262 2297 epistulam
2308 2216 2404 2282 de
2448 2217 2593 2282 hoc
2635 2216 3179 2300 interroganti
3236 2217 3667 2283 declinatione
3712 2222 3778 2282 et
3820 2221 4043 2282 tenore
4083 2207 4241 2280 ‘am-

659 2333 850 2406 bitus'
891 2355 1122 2403 nomen
1167 2353 1210 2402 a
1250 2335 1589 2418 participio
1634 2335 1919 2401 ostendit
1962 2334 2257 2415 discerni,
2299 2334 2471 2416 quod
2514 2353 2637 2402 usu
2681 2353 2949 2418 quoque,
2994 2341 3067 2401 ut
3110 2335 3529 2416 ostendimus,
3574 2334 4001 2401 confirmatur.

918 2455 1106 2535 Quod
1150 2454 1235 2521 ad
1280 2453 1504 2522 Scauri
1546 2452 1796 2519 libellos
1852 2447 1980 2519 ‘de
2025 2449 2638 2538 orthographia’
2696 2460 2763 2521 et
2817 2447 2938 2520 ‘de
2992 2453 3315 2520 litteris
3374 2451 3619 2520 novis’
3682 2455 3986 2536 pertinet,
4050 2452 4241 2518 huius

657 2575 940 2643 frustula
990 2574 1176 2641 nobis
1231 2577 1492 2639 servata
1535 2581 1688 2638 sunt
1745 2571 2075 2657 nullam),
2136 2572 2308 2638 illius
2353 2573 2777 2656 fragmentum
2820 2575 2996 2640 haud
3041 2573 3337 2656 exiguum
3383 2573 3623 2655 optime
3668 2573 3913 2638 editum
3957 2571 4154 2638 habes
4200 2591 4240 2638 a

655 2695 867 2761 Keilio
908 2693 1019 2760 Gr.
1046 2693 1158 2760 lat.
1189 2693 1340 2775 VII,
1381 2712 1443 2775 p.
1477 2694 1553 2758 11
1591 2709 1727 2774 sqq.
1809 2709 2191 2774 quamquam
2238 2692 2319 2758 de
2360 2693 2483 2758 hoc
2525 2693 2741 2759 libello
2796 2693 2951 2758 mihi
3003 2693 3108 2758 hic
3148 2710 3275 2758 non
3320 2692 3778 2774 disputandum
3824 2697 3959 2772 est,
4019 2697 4237 2758 tamen

661 2815 746 2880 de
788 2814 870 2880 iis
910 2831 1078 2896 quae
1121 2813 1182 2878 ei
1225 2811 1448 2878 addita
1489 2817 1641 2877 sunt
1684 2809 1772 2894 (p.
1803 2811 1906 2891 29,
1935 2811 1978 2876 3
2009 2810 2196 2895 sqq),
2235 2809 2518 2876 breviter
2561 2811 2881 2878 disserere
2922 2829 3085 2894 opus
3130 2817 3249 2878 est.

917 2931 1284 2999 Clausulam
1329 2931 1495 2996 enim
1537 2929 1683 2996 libri
1726 2930 1810 2995 de
1852 2928 2315 3011 orthographia
2355 2931 2552 2996 hanc:
2613 2924 2810 2997 ‘Haec
2853 2937 3007 2995 sunt
3050 2949 3214 3013 quae
3256 2930 3509 3012 urgenti
3566 2934 3857 3013 tempore
3900 2928 4240 3012 complecti

659 3052 778 3120 tibi
820 3051 887 3117 in
930 3051 1298 3133 praesentia
1339 3049 1550 3131 potui,
1617 3047 1882 3132 siquid
1930 3048 2322 3130 exemplis
2369 3047 2766 3114 defecerit
2806 3049 2935 3115 vel
2982 3050 3637 3133 quaestionibuS,
3682 3050 4240 3134 subiungetur.

611 3221 620 3230 .
659 3191 809 3240 nam
853 3171 1026 3254 quod
1068 3171 1152 3235 ad
1195 3187 1332 3235 rem
1375 3168 1648 3234 maxime
1701 3166 2010 3248 pertinet,
2070 3166 2355 3248 regulam
2399 3162 2627 3250 vides’,
2688 3175 3043 3252 sequuntur
3096 3169 3401 3236 nonnulla
3454 3169 3686 3252 quibus
3741 3169 3955 3252 agitur
4002 3170 4085 3235 de
4127 3170 4240 3234 ad-

659 3289 881 3357 verbio
924 3288 1231 3371 temporis
1273 3281 1469 3369 ‘cum’,
1514 3286 1596 3352 de
1640 3286 1960 3352 adverbiis
2005 3286 2109 3352 vel
2153 3286 2735 3369 praepositionibus
2779 3288 3108 3371 localibuS‚
3153 3290 3235 3354 de
3273 3290 3294 3353 i
3340 3294 3405 3354 et
3436 3289 3497 3353 ei
3539 3288 3795 3370 litteriS,
3839 3290 3921 3355 de
3951 3288 4239 3370 apicibus

657 3410 1034 3477 litterarum.
1119 3407 1222 3473 cui
1275 3405 1658 3490 expositioni
1716 3405 2019 3490 imposita
2061 3411 2162 3472 est
2205 3405 2413 3472 altera
2456 3406 2771 3472 clausula:
2823 3400 3236 3474 ‘Brevitatem
3279 3407 3471 3473 huius
3515 3401 3731 3472 libelli’
3772 3427 3827 3474 e.
3857 3427 3915 3491 q.
3948 3427 4001 3474 S.
4043 3428 4105 3492 p.
4135 3411 4238 3491 33,

663 3528 933 3596 11—13.
1020 3527 1182 3592 haec
1224 3525 1420 3608 igitur
1463 3525 1679 3590 omnia
1719 3545 1847 3591 non
1893 3531 2025 3591 tam
2068 3524 2344 3590 Varroni
2387 3543 2578 3606 quam
2624 3525 2890 3607 Scauro,
2946 3525 3125 3592 illum
3171 3531 3424 3607 secuto,
3466 3527 3687 3593 deberi
3730 3534 3956 3594 contra
3994 3527 4239 3596 Usene-

659 3667 800 3714 rum
855 3645 1043 3731 (mus.
1088 3645 1288 3710 Rhen.
1333 3645 1567 3726 XXIV,
1609 3663 1673 3727 p.
1703 3646 1790 3711 94
1819 3644 1985 3729 sqq.)
2046 3645 2264 3710 docuit
2305 3643 2555 3710 Keilius
2600 3645 2707 3710 Gr.
2752 3645 2863 3710 lat.
2907 3646 3061 3726 VII,
3105 3647 3147 3712 9
3177 3665 3270 3728 sq.
3327 3647 3444 3712 sed
3499 3647 3671 3728 quod
3718 3647 3779 3712 ei
3819 3647 3933 3714 illa
3989 3667 4117 3714 non
4161 3668 4239 3715 ex

657 3767 822 3833 libro
862 3759 966 3831 ‘de
1007 3758 1511 3846 orthographia’,
1571 3765 1690 3831 sed
1733 3783 1810 3830 ex
1855 3763 1981 3830 alio
2026 3765 2134 3846 (ex
2179 3769 2336 3850 arte,
2362 3764 2848 3846 grammaticam
2902 3763 3202 3830 videntur
3244 3766 3453 3848 petita
3498 3785 3673 3847 esse,
3734 3785 3861 3834 non
3917 3786 4079 3850 opus
4137 3773 4239 3833 est

655 3887 744 3952 de
788 3883 914 3951 alio
959 3882 1184 3948 Scauri
1224 3882 1386 3948 libro
1431 3883 1732 3966 cogitare,
1777 3901 1919 3949 cum
1963 3882 2133 3949 hunc
2175 3882 2659 3966 grammaticum
2703 3883 2915 3966 ipsum
2960 3903 3085 3951 non
3130 3884 3339 3951 minus
3384 3905 3576 3969 quam
3620 3892 4054 3969 excerptorem
4098 3884 4236 3950 eius

657 4003 877 4071 libello
917 3997 1019 4069 ‘de
1062 3999 1540 4085 orthographia’
1593 4003 1882 4086 singulas
1927 4002 2340 4085 quaestiones
2397 4001 2729 4068 addidisse
2785 4001 3063 4085 eluceat,
3120 4004 3188 4070 ni
3230 4004 3449 4087 fallor,
3508 4025 3586 4072 ex
3627 4005 3861 4087 prioris
3906 4003 4234 4069 clausulae

657 4121 869 4189 verbis
910 4117 1140 4202 ‘siquid
1185 4122 1490 4203 exemplis
1534 4120 1841 4188 defecerit
1881 4120 1984 4187 vel
2029 4121 2528 4204 quaestionibuS,
2571 4119 3011 4204 subiungetur'
3030 4129 3051 4166 ¹
3071 4130 3091 4168 ¹
3108 4131 3150 4204 ).

923 4279 1024 4354 10)
1067 4278 1292 4338 mentio
1335 4278 1404 4337 fit
1447 4277 1629 4338 semel
1663 4278 1761 4338 Gr.
1791 4279 1894 4337 lat.
1925 4277 2062 4350 VII,
2106 4296 2164 4353 p.
2199 4281 2298 4350 33,
2341 4282 2449 4336 11:
2491 4266 2874 4339 ‘Brevitatem
2917 4280 3095 4341 huius
3125 4280 3314 4339 libelli
3357 4272 3475 4356 (‘de
3505 4266 3985 4354 orthographia’),
4031 4277 4081 4336 si
4116 4277 4231 4339 tibi

657 4379 974 4453 videbitur,
1019 4380 1420 4458 adglutinabis
1461 4380 1516 4440 ei
1562 4399 1739 4460 quem
1785 4380 1870 4439 de
1915 4379 2220 4440 litteris
2263 4380 2477 4463 novis
2518 4383 2702 4441 habes
2747 4401 2783 4440 a
2824 4401 2919 4442 me
2962 4388 3284 4458 acceptum,
3329 4381 3487 4462 quod
3531 4381 3661 4459 ipse
3702 4379 3837 4453 feci,
3885 4379 4027 4460 quia
4053 4379 4234 4440 huius

655 4481 954 4562 pusillitas
1007 4485 1116 4544 sub
1174 4483 1307 4560 ipso
1351 4482 1657 4542 decentius
1710 4481 1949 4559 prodire
1993 4500 2169 4561 quam
2211 4500 2321 4558 per
2364 4501 2429 4541 se
2473 4485 2701 4543 censeri
2746 4477 3012 4563 poterat.’
3061 4516 3146 4528 -
3208 4483 3537 4544 Brambach
3588 4475 4083 4558 ‘Neugestaltung
4127 4483 4234 4543 der

651 4585 758 4646 lat.
791 4577 1248 4663 orthographie’
1289 4606 1348 4662 p.
1381 4590 1491 4644 49:
1531 4576 1696 4644 ‘Was
1738 4584 1973 4645 litterae
2017 4603 2209 4644 novae
2251 4585 2401 4658 sind,
2448 4585 2622 4647 weiss
2664 4585 2763 4646 ich
2806 4585 2990 4646 nicht.
3076 4584 3397 4646 Vielleicht
3439 4587 3657 4646 beruht
3699 4585 3892 4645 dieser
3921 4585 4077 4646 'I'itel
4120 4605 4234 4646 nur

654 4685 766 4747 auf
801 4685 1356 4748 Missverstiindniss
1399 4687 1566 4746 einer
1607 4687 2009 4762 Abkiirzung;
2071 4685 2326 4747 Scaurus
2381 4688 2615 4748 sohrieb
2659 4688 2809 4750 wol:
2869 4707 3045 4769 quem
3089 4688 3163 4747 de
3205 4687 3422 4749 litteris
3465 4687 3777 4748 novissime
3832 4688 4017 4748 habes
4058 4708 4096 4747 a
4138 4707 4233 4748 me

651 4779 996 4866 acceptum’.
1083 4790 1186 4849 sed
1244 4787 1614 4867 probabilius
1671 4794 1792 4862 est,
1854 4789 2012 4869 quod
2072 4788 2145 4849 de
2190 4789 2362 4850 novis
2416 4789 2634 4851 litteris
2678 4789 2908 4850 Claudii
2964 4790 3340 4869 imperatoris
3382 4790 3761 4868 cogitandum
3807 4810 3936 4851 esse
3979 4789 4235 4850 coniecit

643 4889 969 4965 Bergkius.

921 4992 1023 5070 11)
1067 5011 1220 5073 quae
1258 5011 1404 5053 vero
1448 5010 1485 5052 a
1526 4991 1726 5053 Keilio
1768 5011 1828 5070 p.
1861 4997 1958 5068 34,
1995 4997 2029 5052 5
2061 5013 2194 5075 sqq.
2240 5011 2317 5053 ex
2359 4994 2563 5055 codice
2604 4993 2879 5055 Parisino
2937 4994 3137 5057 addita
3178 5000 3345 5069 sunt,
3408 5013 3613 5057 eorum
3658 5015 3795 5074 pars
3840 4996 3965 5073 (34,
3998 4992 4233 5072 5—21)
