4817 5934
2093 611 2607 683 ...47—

1273 811 1591 871 Charisius.

692 929 1015 1007 Anaphora
1067 935 1160 990 est
1213 949 1346 989 oum
1405 929 1609 990 eadem
1662 929 1840 989 dictio
1894 931 1960 989 in
2004 929 2300 1006 principio

562 1052 845 1094 versuum
888 1031 1150 1108 ponitur,
1195 1036 1265 1090 ut
1285 1053 1298 1088 :

648 1227 873 1310 ‘nate,
918 1253 1116 1294 meae
1159 1254 1217 1294 v.
1264 1255 1338 1294 m.
1385 1255 1461 1294 m.
1505 1255 1563 1312 p.
1610 1256 1654 1294 s.

651 1343 860 1409 nate,
905 1335 1148 1413 patris
1193 1356 1236 1394 s,
1283 1357 1340 1416 q.
1385 1344 1427 1398 t.
1472 1336 1535 1396 Τ.
1583 1330 1641 1395 t.’
1689 1335 1890 1413 (Verg.
1929 1342 1998 1410 A,
2041 1343 2094 1411 1,
2133 1337 2300 1415 664).

693 2255 1074 2333 Epanalepsis
1128 2265 1214 2313 est
1268 2275 1392 2314 cum
1448 2257 1636 2314 eadem
1696 2257 1868 2314 dt'on‘o
1911 2259 1971 2314 in
2009 2258 2301 2336 principio

569 2376 766 2414 versus
809 2367 865 2415 et
910 2359 970 2416 in
1017 2357 1276 2416 clausula
1314 2360 1574 2435 ponitur,
1623 2367 1685 2416 ut
1724 2349 1908 2434 ‘pater

565 2459 708 2534 (inc.
749 2469 906 2537 trag.
947 2458 1112 2538 214).

1949 2401 1962 2415 .
2000 2401 2014 2416 .
2049 2401 2063 2417 .
2097 2353 2294 2437 pater'

1540 2870 1863 2946 Epizeuxis
1905 2879 1996 2928 est
2033 2874 2300 2949 repetitio

569 2970 840 3028 dictionis
881 2970 1124 3028 eiusdem

1144 3091 1270 3130 oum
1313 3073 1521 3150 impetu
1556 3076 2074 3151 pronuntiationes,
2127 3083 2222 3132 ue.-

651 3166 778 3233 ‘me
821 3193 957 3249 me,
1002 3175 1240 3233 adsum
1286 3193 1342 3254 q.
1373 3174 1416 3232 f.
1445 3176 1483 3234 i.
1515 3195 1590 3234 m.
1624 3195 1672 3235 0.
1703 3176 1748 3234 f.

548 3322 556 3330 .
653 3295 687 3336 0
717 3276 789 3335 R.
823 3297 896 3335 m.
927 3277 970 3335 f.
1003 3267 1075 3336 0.’
1118 3275 1322 3354 (νοις.
1357 3282 1428 3336 A.
1462 3281 1516 3352 9,
1551 3281 1672 3336 425
1698 3277 1832 3356 ες.)

1591 3890 2003 3950 Par-onomasia
2048 3900 2137 3950 est
2176 3910 2300 3949 cum

567 3994 742 4052 dictio
799 3997 1048 4051 iteratur
1065 4034 1082 4063 ,
1152 4001 1372 4050 mutata
1425 4001 1612 4051 tamen
1656 4001 1760 4050 aut
1800 3993 1996 4051 littera
2040 4003 2144 4051 aut
2183 3993 2302 4069 syl-

567 4095 724 4167 laba,

878 4410 942 4460 ut
968 4403 1128 4477 apud
1156 4403 1478 4461 Ciceronem
1512 4401 1535 4478 (
1547 4397 1674 4478 frg.
1708 4421 1784 4460 ex
1813 4420 1898 4459 or.
1935 4404 2044 4460 inc.
2076 4403 2142 4482 4)
2169 4446 2183 4461 .
2214 4445 2228 4461 .
2255 4446 2296 4475 .‚

570 4514 630 4562 et
673 4502 868 4583 (ibid.)
916 4545 930 4560 .
964 4545 978 4560 .
1015 4544 1030 4560 .

3122 813 3421 874 Sacerdos.

2534 933 2619 988 De
2647 931 2967 1007 anaphora.
3062 932 3385 1008 Amphora
3414 936 3505 990 est
3536 950 3667 989 oum
3698 930 3857 991 idem
3888 931 4137 992 verbum

2406 1031 2471 1091 in
2516 1009 2809 1110 principio
2862 1037 2980 1093 tam
3037 1033 3260 1109 primae
3319 1051 3495 1112 quam
3552 1033 3840 1092 secundae
3896 1033 4141 1109 ponitur

2409 1133 2687 1194 dictionis
2730 1140 2827 1194 ut:

2492 1224 2722 1309 ‘nate‚
2768 1253 2967 1296 meae
3010 1255 3067 1296 v.
3112 1255 3187 1294 m.
3235 1256 3309 1294 m.
3355 1256 3413 1313 p.
3460 1256 3505 1295 s.

2493 1344 2692 1411 nate,
2736 1338 2977 1414 patris
3021 1358 3067 1398 s.
3112 1358 3168 1418 q.
3214 1343 3255 1398 t.
3302 1337 3365 1395 T.
3411 1332 3474 1398 t.’
3527 1337 3729 1415 (Verg.
3764 1341 3835 1396 A.
3875 1342 3937 1412 1,
3973 1335 4138 1416 664).

2536 2258 2619 2314 De
2657 2256 3065 2333 epanalempsi.
3158 2253 3608 2331 Epanalempsis
3657 2255 3727 2315 fit
3772 2255 3887 2314 hoo
3932 2255 4136 2315 modo:

2404 2357 2561 2418 idem
2591 2358 2840 2418 verbum
2876 2359 3113 2434 ponitur·
3144 2360 3203 2415 in
3234 2357 3519 2428 clausula,
3570 2358 3721 2435 quod
3754 2360 3814 2416 in
3846 2358 4135 2434 pm‘noipio

2406 2459 2699 2533 dictionis,
2745 2464 2814 2520 ut
2853 2449 3036 2536 ‘pater
3085 2501 3098 2516 .
3129 2500 3144 2516 .
3183 2501 3197 2517 .
3235 2451 3426 2536 pater'
3480 2459 3621 2536 (ino.
3656 2462 3805 2534 trag.
3842 2479 3901 2519 v.
3928 2459 4095 2535 214).

2537 2871 2620 2927 De
2662 2869 2952 2945 epizeuxi.
3046 2866 3363 2944 Epizeuoezs
3416 2876 3504 2923 est
3555 2867 3798 2924 eiusdem
3845 2865 4007 2924 verbi
4042 2885 4137 2924 re·

2399 2973 2607 3049 petilio

2983 3088 3109 3128 cum
3153 3070 3363 3147 impetu
3399 3072 3916 3146 pronuntiationis,
3968 3079 4062 3128 ut.-

2490 3190 2593 3231 me
2636 3191 2764 3245 me,
2806 3174 3044 3232 adsum
3091 3192 3148 3252 q.
3180 3172 3223 3231 f.
3253 3172 3294 3231 i.
3328 3191 3405 3230 m.
3438 3190 3486 3231 o.
3517 3171 3559 3230 f.

2492 3295 2526 3334 ο
2572 3267 2659 3333 R?
2710 3274 2911 3352 (Verg.
2945 3277 3016 3334 A.
3050 3279 3106 3349 9,
3139 3272 3305 3350 425).

2536 3890 2619 3946 De
2655 3890 3087 3964 paronomasia.
3176 3885 3586 3944 paronomasia
3620 3894 3707 3942 esc
3736 3902 3860 3942 oum
3894 3886 4142 3944 iteratur

2405 3991 2602 4062 dicu‘o,
2656 3990 2869 4048 litteris
2916 3991 3007 4048 vel
3046 3989 3285 4066 syllabis
3327 3990 3629 4048 demutatis
3645 4011 3663 4046 .-
3715 3987 3925 4046 lilteris
3969 3996 4033 4045 ue
4047 4010 4066 4045 .-

2405 4288 2577 4361 'nam
2636 4297 2956 4374 inceptio
3019 4316 3073 4356 e.
3134 4293 3543 4368 amentium,
3610 4293 3669 4353 h.
3732 4286 4132 4354 amantium'

2409 4401 2669 4479 (Terent.
2701 4400 2885 4459 Andr.
2930 4403 2977 4472 1,
3014 4403 3069 4473 3,
3107 4399 3238 4478 13);
3280 4395 3557 4474 syllabis,
3608 4405 3672 4453 ut
3717 4395 3917 4453 Cicero
3962 4391 4133 4472 (fr-g.

2407 4523 2483 4562 επ
2527 4521 2615 4562 or.
2663 4504 2777 4560 ino.
2814 4501 2897 4578 4).

2535 4607 2621 4664 De
2660 4603 2856 4662 schesi
2892 4610 3213 4662 onomaton.
3305 4601 3533 4660 Sckesis
3566 4609 3865 4658 onomaton
3897 4606 3985 4658 est
4014 4617 4141 4657 cum

2405 4707 2657 4784 singulis
2687 4704 3004 4764 nominibus
3036 4704 3284 4780 epitheta
3320 4707 3655 4780 iunguntur,
3688 4710 3753 4760 ut
3783 4748 3796 4761 .
3818 4748 3830 4761 .
3851 4745 3865 4761 .
3886 4747 3901 4762 .
3936 4701 4017 4780 (V
4019 4720 4162 4777 erg„

2406 4814 2479 4870 A.
2514 4815 2572 4882 6,
2604 4810 2771 4883 275).
