4817 5934
2165 574 2697 690 -41-4

636 813 862 882 Scauri
905 810 1378 910 definitionibus
1424 814 1838 881 restituendis
1884 815 2060 897 (vide
2101 814 2268 881 infra
2312 820 2508 898 caput
2537 816 2620 898 V)
2664 815 2988 882 Donatum
3031 818 3252 880 nostro
3295 814 3435 880 iure
3475 815 3803 897 tamquam
3834 815 4063 882 ducem
4109 831 4207 880 se-

637 951 917 1015 quemur.
1009 932 1301 1015 exempla
1342 950 1494 1000 vero
1509 983 1528 1015 ,
1581 951 1745 1017 quae
1789 933 2082 1000 Donatus
2125 935 2300 1000 haud
2341 952 2488 1001 raro
2535 933 2848 1002 breviavit
2864 985 2881 1016 ,
2937 933 3031 1000 ita
3074 950 3270 1015 saepe
3314 931 3777 1014 exhibebimus,
3834 937 3907 997 ut
3952 939 4209 1001 servata

635 1056 787 1118 sunt
829 1051 1005 1134 apud
1049 1049 1424 1118 Diomedem
1469 1057 1536 1119 et
1577 1052 2006 1120 Consentium.
2051 1090 2138 1102 —

636 1364 752 1424 quo
799 1346 957 1422 apud
999 1323 1299 1404 Donatum
1343 1343 1624 1404 diaeresis
1667 1344 2029 1418 illustratur,
2075 1346 2181 1404 sed
2222 1347 2338 1405 duo
2382 1344 2635 1422 protulit
2678 1343 2951 1421 exempla
2993 1341 3338 1421 Vergiliana
3381 1342 3479 1421 (A.
3515 1349 3573 1418 9,
3608 1349 3708 1404 26.
3756 1351 3811 1418 3,
3851 1344 4019 1421 354),
4064 1365 4210 1426 quo·

633 1466 767 1507 rum
810 1445 975 1524 prius
1017 1445 1268 1506 iteratur
1311 1448 1469 1524 apud
1511 1447 1874 1522 Ohafisium,
1929 1446 2305 1521 Diomedem,
2364 1450 2745 1525 Anonymum
2790 1447 2863 1506 de
2906 1443 3013 1506 ult.
3058 1444 3191 1524 syll.
3208 1492 3223 1518 ‚
3287 1444 3698 1520 Consentium,
3758 1446 4010 1508 alterum
4051 1450 4211 1526 apud

636 1547 985 1609 Diomedem
1029 1547 1249 1608 solum:
1309 1547 1666 1610 differentiis
1729 1553 1924 1610 tamen
1970 1548 2262 1609 eiusmodi
2319 1548 2617 1610 sententia
2661 1551 2863 1608 nostra
2903 1566 3026 1608 non
3068 1546 3361 1608 refellitur
3374 1592 3390 1621 ,
3451 1567 3584 1607 oum
3626 1547 3830 1608 Scauri
3874 1539 3964 1609 ‘de
4010 1551 4212 1612 ortho-

639 1642 898 1727 graphia'
948 1649 1100 1710 liber
1141 1669 1263 1711 non
1305 1649 1538 1727 integer
1582 1656 1851 1712 servatus
1908 1651 2005 1711 sit.
2105 1656 2412 1730 praeterea
2468 1669 2612 1712 vero
2626 1695 2643 1724 ,
2710 1650 2870 1730 quod
2930 1650 3005 1708 ad
3063 1648 3336 1726 exempla
3399 1629 3665 1727 pertinet
3679 1696 3694 1724 ‚
3753 1650 3977 1712 nullam
4033 1651 4212 1712 video

639 1770 898 1825 oausam,
942 1771 1047 1814 our
1086 1752 1367 1814 Scaurum
1409 1752 1476 1812 in
1518 1759 1771 1836 utroque
1812 1752 1967 1814 libro
2011 1754 2216 1814 eadem
2259 1751 2601 1815 adhibuisse
2642 1752 2961 1812 credamus.
