4817 5934
2219 565 2734 640 -32-

2308 764 2643 824 Diomedes.

1633 864 1872 938 (Paucis
1915 865 2253 945 praemissis
2295 865 2615 926 Diomedes
2656 866 2856 943 pergit
2898 885 2955 944 p.
2988 871 3131 939 465,
3183 866 3315 945 10):

684 967 800 1026 Sed
845 967 985 1046 quia
1027 965 1470 1044 compositionis
1513 985 1650 1044 pars
1667 1013 1683 1039 ,
1742 986 1918 1047 quam
1975 970 2050 1028 ad
2093 974 2280 1028 artem
2339 969 2776 1042 grammaticam
2833 969 3133 1044 pertinere
3177 969 3466 1042 diximus,
3524 968 3775 1046 pedibus
3819 975 4083 1045 constat,
4150 975 4275 1031 sta-

683 1069 968 1128 tuendum
1011 1074 1119 1141 est,
1176 1089 1292 1149 quo
1337 1088 1632 1148 quemque
1692 1088 1893 1129 eorum
1954 1071 2194 1130 nomine
2253 1070 2637 1148 appellemus.
2743 1069 2929 1130 variis
2974 1071 3133 1130 enim
3176 1071 3480 1131 vocabulis
3523 1072 3855 1132 traduntur.
3941 1076 4083 1131 sunt
4125 1091 4267 1148 ergo

684 1175 962 1251 quattuor
1006 1172 1187 1248 pedes
1231 1191 1264 1230 e
1307 1171 1466 1232 binis
1509 1170 1786 1249 syllabis,
1830 1179 1961 1231 octo
2005 1171 2224 1231 ternis:
2267 1171 2553 1248 spondius
2596 1171 2791 1248 longis
2834 1172 3093 1244 duabus,
3136 1173 3502 1249 pyrrichius,
3549 1192 3726 1253 quem
3766 1173 3871 1233 alii
3900 1175 4268 1252 pariambum

681 1281 924 1346 vocant,
983 1273 1296 1346 brevibus,
1357 1274 1588 1333 iambus
1632 1275 1804 1334 brevi
1863 1275 2188 1352 longaque,
2248 1274 2388 1333 huic
2432 1276 2765 1334 contrarius
2806 1294 2839 1334 e
2882 1275 3061 1349 longa
3120 1282 3181 1335 et
3236 1275 3408 1335 brevi
3467 1277 3787 1336 trochaeus.
3877 1277 3943 1336 in
3986 1277 4080 1336 his
4120 1296 4266 1337 vero

684 1374 790 1456 qui
832 1383 1029 1435 ternas
1073 1375 1330 1452 syllabas
1373 1376 1596 1435 habent
1640 1377 1941 1437 dactulum
1984 1376 2160 1450 longa
2203 1377 2550 1455 duabusque
2586 1376 2886 1449 brevibus,
2928 1376 3070 1436 huic
3114 1377 3481 1454 temporibus
3525 1397 3727 1454 parem
3774 1379 3877 1438 sed
3910 1383 4269 1440 retroactum
4356 1425 4368 1435 .

683 1478 972 1554 appellari
1004 1483 1236 1536 constat
1266 1482 1642 1554 anapaeston.
1731 1477 1926 1537 media
1956 1477 2117 1538 inter
2159 1477 2366 1552 longas
2400 1477 2601 1538 brevis
2642 1477 2790 1538 facit
2821 1477 3295 1556 amphimacron;
3337 1481 3441 1538 sed
3478 1480 3854 1562 frequentius
3886 1481 4014 1541 eius
4049 1501 4267 1541 nomen

683 1584 776 1640 est
826 1579 1094 1639 creticus,
1179 1579 1358 1655 longa
1398 1579 1558 1639 inter
1599 1580 1812 1639 breves
1856 1581 2344 1656 amphibrachys:
2403 1587 2465 1640 at
2506 1600 2639 1639 cum
2677 1580 2821 1639 duas
2866 1580 3071 1655 longas
3116 1580 3419 1657 praecedit
3460 1581 3693 1654 brevis,
3755 1583 4065 1660 bacchius;
4122 1582 4265 1642 huic

682 1685 965 1742 adversus
1023 1682 1214 1757 longis
1269 1683 1510 1740 brevem
1568 1681 2059 1758 praecedentibus
2117 1682 2579 1759 palimbacchius
2631 1683 2765 1742 erit.
2852 1688 2973 1742 tres
3018 1684 3228 1742 breves
3273 1685 3602 1742 trochaeum
3626 1728 3643 1754 ,
3696 1704 3872 1763 quem
3916 1685 4265 1762 tribrachyn

680 1786 894 1844 volunt
939 1785 1084 1862 dici,
1139 1784 1244 1863 qui
1291 1786 1502 1844 choreo
1549 1785 1812 1848 trochaei
1858 1803 2072 1844 nomen
2118 1784 2464 1860 imponunt,
2508 1791 2629 1844 tres
2673 1784 2883 1862 longae
2928 1785 3223 1845 molosson
3266 1787 3547 1846 efficient.

686 1993 1055 2068 Compom'tur
1118 1991 1304 2066 igitur
1368 1999 1425 2048 et
1484 1991 1735 2047 struitur·
1792 1991 1973 2048 omnis
2025 1989 2310 2067 pedestris
2380 1993 2567 2047 oracio
2633 1989 2821 2048 verbis
2862 2011 2899 2050 a
2950 2000 3230 2050 commata
3300 1992 3427 2048 cola
3488 1992 3780 2068 periodo&
3892 2011 4109 2051 comma
4176 2000 4267 2052 in-

685 2096 864 2151 cisum
882 2136 900 2164 ,
951 2092 1113 2150 colon
1159 2092 1463 2150 membrum
1507 2093 1894 2161 nominamus,·
1943 2091 2188 2166 periodo
2232 2091 2489 2169 plurima
2519 2091 2759 2152 nomina
2791 2093 2893 2151 dat
2922 2093 3124 2151 Cicero
3171 2092 3296 2168 (Or.
3344 2091 3377 2170 5
3414 2094 3593 2170 204),
3640 2093 3923 2154 ambitum
3953 2094 4267 2155 circuitum

683 2193 1249 2273 conprehensionem
1295 2193 1802 2254 continuationem
1846 2193 2469 2272 circumscriptionem.
2554 2194 2623 2253 in
2664 2193 2863 2254 verbis
2921 2195 3352 2254 observandum
3399 2201 3489 2255 est
3541 2195 3825 2272 primum,
3886 2215 3963 2255 ne
4007 2216 4042 2255 a
4086 2195 4269 2256 maio-

680 2298 844 2358 ribus
889 2299 962 2356 ad
1007 2296 1235 2356 minora
1277 2297 1596 2356 descendat
1633 2297 2039 2374 honoremque
2085 2298 2294 2372 perdat
2337 2295 2541 2355 oratio,
2630 2295 2841 2354 melius
2884 2296 3043 2355 enim
3106 2296 3326 2356 dicitur
3369 2299 3464 2356 vir
3508 2302 3600 2357 est
3654 2299 3911 2374 optimus
3955 2317 4129 2378 quam
4171 2300 4269 2358 vir

684 2399 942 2478 optimus
985 2403 1092 2459 est.
1178 2400 1293 2457 hoc
1334 2399 1522 2457 multo
1566 2398 1752 2473 magis
1795 2397 1884 2456 ibi
1927 2397 2374 2458 custodiendum
2434 2404 2555 2470 est,
2611 2397 2717 2456 ubi
2772 2398 3006 2473 singula
3063 2399 3244 2456 verba
3287 2418 3493 2458 sensus
3553 2400 3762 2472 habet,
3820 2402 4269 2480 cavendumque

687 2522 765 2561 ne
819 2501 1052 2561 fortiori
1107 2500 1500 2576 coniungatur
1556 2500 1882 2572 infirmius,
1942 2507 2011 2559 ut
2071 2500 2352 2575 sacrilego
2413 2501 2538 2572 fur,
2597 2499 2927 2560 homicidae
2984 2507 3307 2576 corruptor.
3418 2521 3673 2581 namque
3732 2521 3940 2563 sensus
3997 2503 4189 2562 omnis
4233 2523 4269 2562 a

683 2622 868 2682 parvo
912 2603 977 2663 in
1020 2603 1211 2663 maius
1255 2604 1434 2663 debet
1473 2603 1799 2678 insurgere.
1887 2603 1968 2662 sit
2008 2608 2070 2661 et
2111 2602 2216 2662 illa
2259 2602 2545 2662 naturalis
2601 2603 2935 2662 observatio
2954 2649 2969 2675 ,
3029 2622 3105 2661 ne
3149 2602 3423 2661 iunctura
3482 2605 3801 2662 verborum
3858 2607 4266 2682 cacenphaton

687 2712 882 2780 sonet,
929 2705 1102 2784 quale
1147 2712 1267 2765 est:

940 2799 1021 2868 ‘et
1060 2826 1367 2867 numerum
1413 2827 1545 2866 cum
1589 2806 1842 2866 navibus
1883 2797 2115 2884 aequet’
2157 2805 2360 2882 (Verg.
2404 2809 2477 2866 A.
2529 2811 2579 2878 1,
2634 2804 2795 2882 193).

939 2911 1045 2970 illa
1089 2929 1325 2990 quoque
1381 2907 1712 2985 conpositio
1756 2907 2052 2982 fugienda,
2098 2913 2165 2967 ut
2207 2907 2471 2984 syllabae
2513 2909 2665 2968 duae
2708 2907 3001 2985 pluresve,
3044 2928 3193 2988 quae
3237 2908 3493 2984 priorem
3538 2929 3775 2970 sensum
3822 2911 4160 2986 terminant,
4203 2915 4267 2973 in

686 3013 877 3091 prima
933 3011 1279 3088 posterioris
1322 3029 1530 3070 sensus
1581 3015 1752 3088 parte
1809 3015 2123 3086 ponantur,

1756 3103 1809 3171 ‘o
1852 3113 2214 3171 fortunatam
2257 3115 2455 3170 natam
2496 3130 2591 3171 me
2635 3113 2877 3172 consule
2918 3103 3199 3171 Romam'.

685 3217 790 3278 sed
833 3215 898 3274 in
941 3212 1348 3290 conpositione
1375 3211 1768 3293 iuncturaque
1811 3214 2126 3273 verborum
2160 3213 2348 3274 maius
2392 3216 2655 3275 studium
2698 3214 3003 3294 maiorque
3046 3233 3186 3274 cura
3229 3221 3337 3274 est.
3407 3215 3495 3292 fit
3533 3224 3720 3274 autem
3756 3235 3831 3274 ea·
3877 3220 4271 3278 coniunctione

691 3317 986 3377 verborum
1020 3333 1259 3386 comma,
1308 3335 1382 3373 ex
1423 3315 1794 3374 commatibus
1838 3317 2004 3374 colon
2026 3359 2043 3385 ,
2093 3335 2168 3373 ea·
2209 3318 2357 3378 colis
2393 3317 2685 3396 periodos.
2779 3337 3003 3376 comma
3044 3323 3151 3388 est,
3196 3323 3263 3376 ut
3306 3336 3434 3377 mea
3476 3318 3594 3377 fert
3636 3318 3859 3394 opinio,
3900 3339 4108 3381 sensus
4150 3342 4272 3382 non

687 3419 927 3497 expleto
981 3436 1225 3477 numero
1282 3417 1620 3489 conclusus,
1683 3417 2032 3496 plerumque
2085 3437 2222 3494 pars
2279 3418 2545 3479 membri.
2642 3418 2763 3478 tale
2815 3425 2907 3478 est
2960 3419 3119 3478 enim
3176 3438 3291 3497 quo
3338 3418 3539 3477 Cicero
3579 3418 3771 3478 utitur
3812 3419 3941 3496 (Or.
3977 3423 4077 3495 67,
4120 3425 4272 3502 223)

683 3511 910 3582 ‘domus
965 3519 1081 3580 tibi
1140 3520 1382 3579 deerat?
1437 3527 1500 3578 at
1540 3520 1814 3579 habebas.
1912 3520 2168 3596 pecunia
2217 3519 2575 3598 superabat?
2633 3526 2696 3579 at
2748 3511 2996 3596 egebas'.
3084 3521 3153 3579 fit
3181 3529 3376 3579 autem
3420 3520 3599 3579 etiam
3644 3521 3895 3597 singulis
3937 3525 4138 3584 verbis
4179 3527 4272 3586 in-

687 3623 901 3696 cisum,
941 3613 1221 3681 ‘diximus
1239 3666 1255 3692 ‚
1314 3627 1494 3681 testes
1555 3621 1695 3680 dare
1751 3613 2056 3695 volumus’,
2117 3621 2243 3699 (Or.
2278 3625 2377 3696 67,
2426 3623 2601 3698 225),
2664 3621 2917 3680 incisum
2975 3627 3065 3680 est
3117 3613 3431 3681 ‘diximus’.
3538 3625 3864 3683 membrum
3923 3635 4120 3687 autem
4183 3631 4271 3686 est

687 3745 893 3786 sensus
939 3743 975 3783 ιι
1020 3725 1125 3784 sed
1169 3743 1204 3782 a
1247 3730 1370 3782 toto
1415 3741 1658 3799 corpore
1702 3725 1988 3800 abruptus
2033 3728 2094 3784 et
2135 3744 2244 3800 per
2274 3744 2338 3784 se
2366 3724 2522 3784 nihil
2551 3723 2832 3795 efficiens,
2872 3715 2926 3781 ‘o
2958 3723 3199 3782 callidos
3228 3716 3517 3783 homines'
3560 3726 3704 3803 (Cic.
3733 3727 3772 3786 l.
3802 3727 3900 3806 l.);
3945 3731 4267 3804 perfectum

687 3833 804 3901 est,
867 3829 971 3887 sed
1029 3831 1321 3885 remotum
1363 3845 1400 3884 a
1447 3825 1660 3884 ceteris
1700 3825 1824 3885 vim
1885 3845 2004 3885 non
2059 3827 2271 3899 habet,
2327 3829 2398 3886 ut
2440 3844 2547 3902 per
2588 3844 2651 3884 se
2706 3844 2915 3884 manus
2958 3831 3019 3884 et
3060 3845 3165 3903 pes
3208 3833 3271 3886 et
3312 3837 3521 3904 caput:
3578 3820 3630 3888 ‘o
3675 3848 3799 3888 rem
3844 3819 4263 3903 excogitatam’.

690 3931 926 4010 quando
983 3947 1121 4004 ergo
1178 3927 1396 4004 incipit
1435 3947 1647 4019 corpus
1692 3927 1858 3986 esse?
1923 3948 2054 3988 cum
2098 3929 2270 3988 venit
2311 3933 2580 3988 extrema
2622 3928 2947 3999 conclusio,
2990 3920 3183 4008 ‘quem
3230 3949 3447 4008 quaeso
3492 3939 3757 3991 nostrum
3801 3931 4015 3989 fefellit
4056 3929 4117 3986 id
4158 3944 4265 3985 vos

688 4034 775 4093 ita
816 4051 944 4092 esse
987 4022 1309 4090 facturos?’
1353 4029 1646 4108 (Ci0.1.1.)
1720 4048 1894 4108 quam
1939 4030 2142 4090 Cicero
2186 4030 2596 4091 brevissimam
2639 4037 2827 4107 putat.
2916 4031 3119 4111 itaque
3152 4035 3277 4092 fere
3306 4032 3495 4092 incisa
3530 4039 3591 4093 et
3620 4033 3879 4092 membra
3906 4030 4081 4086 multa
4126 4032 4268 4087 sunt

691 4143 752 4194 et
793 4133 1228 4194 conclusionem
1270 4132 1480 4211 utique
1522 4130 1878 4192 desiderant.

690 4236 828 4296 alii
891 4235 954 4296 si
972 4255 1036 4294 c:
1101 4253 1318 4293 comma
1362 4245 1451 4293 est
1495 4238 1797 4293 iuncturae
1842 4234 2048 4311 finitio
2066 4278 2083 4306 ,
2154 4225 2284 4293 ‘etsi
2331 4253 2531 4292 vereor
2581 4225 2811 4293 iudice-5⁵
2879 4237 3020 4313 (Cic.
3068 4256 3182 4313 pro
3228 4239 3357 4294 Mil.
3406 4238 3503 4314 1),·
3571 4239 3700 4292 item
3738 4233 3979 4290 alterum
4020 4250 4259 4304 comma,

691 4330 780 4398 ‘ne
825 4348 989 4416 turpe
1030 4340 1111 4396 sit
1144 4357 1256 4414 pro
1282 4336 1620 4416 fortissimo
1665 4338 1790 4395 viro
1835 4339 2026 4396 dicere
2090 4339 2455 4415 incipientem
2516 4327 2723 4394 timere’
2746 4361 2763 4394 :
2829 4340 2942 4396 iam
2984 4335 3220 4417 factum
3265 4348 3353 4396 est
3408 4338 3573 4396 colon
3592 4378 3609 4406 ,
3678 4332 3741 4392 id
3793 4342 3881 4390 est
3936 4333 4263 4408 membrum,

690 4442 842 4519 quod
882 4440 1228 4498 intellectum
1273 4443 1472 4499 sensui
1501 4448 1787 4517 praestat.
1877 4440 2077 4498 deinde
2119 4441 2202 4497 sic
2247 4459 2320 4497 ea:
2357 4439 2635 4515 plurimis
2677 4442 2880 4498 incisis·
2923 4439 3293 4517 membrisque
3316 4439 3406 4516 fit
3440 4437 3711 4515 periodos
3754 4438 3812 4493 in
3858 4445 4114 4494 extrema
4160 4437 4267 4496 illa
4361 4494 4363 4496 ,

692 4543 950 4601 clausula
968 4585 985 4613 ,
1048 4532 1307 4600 ‘veterem
1369 4543 1709 4601 iudiciorum
1764 4560 1970 4599 morem
2029 4533 2366 4620 requirunt’.
2469 4542 2739 4618 periodos
2798 4551 2985 4600 autem
3046 4561 3157 4600 non
3204 4542 3435 4614 longior
3477 4558 3598 4598 esse
3642 4536 3800 4596 debet
3842 4557 4007 4617 quam
4048 4548 4113 4597 ut
4155 4559 4266 4599 uno

692 4646 906 4721 spiritu
942 4643 1302 4722 proseratur.
1392 4645 1628 4703 modum
1674 4643 1802 4704 eius
1843 4643 2046 4704 Cicero
2091 4643 2218 4721 (Or.
2258 4649 2359 4715 66,
2405 4643 2555 4722 222)
2603 4648 2882 4722 quattuor
2924 4643 3175 4703 senariis
3230 4641 3501 4701 versibus
3546 4640 3908 4702 terminavit.
3994 4641 4271 4700 nonnulli

691 4765 836 4806 vero
879 4747 996 4807 duo
1037 4764 1255 4821 genera
1297 4745 1425 4805 eius
1468 4764 1595 4806 esse
1639 4746 1848 4806 dicunt
1862 4791 1877 4820 ,
1940 4766 2125 4806 unum
2179 4744 2437 4823 simplex
2451 4789 2467 4817 ,
2524 4763 2655 4804 cum
2710 4765 2917 4806 sensus
2970 4765 3123 4804 unus
3180 4743 3447 4820 longiore
3500 4743 3729 4804 ambitu
3787 4743 4271 4813 circumducitur;

693 4848 945 4909 alterum
989 4849 1148 4928 quod
1191 4852 1423 4909 constat
1464 4867 1542 4908 ex
1585 4848 1863 4908 membris
1906 4855 1969 4909 et
2009 4847 2214 4908 incisis
2228 4893 2244 4922 ,
2297 4849 2456 4927 quod
2500 4847 2701 4925 plures
2743 4866 2950 4908 sensus
2992 4848 3206 4921 habet,
3265 4837 3490 4906 ‘aderat
3528 4846 3749 4908 ianitor
3806 4845 4057 4907 carceris
4072 4891 4088 4918 ,
4148 4863 4274 4902 car-

693 4951 863 5010 nifex
907 4948 1215 5028 praetoris’
1259 4949 1401 5030 (Cic.
1446 4951 1511 5010 in
1557 4951 1722 5011 Verr.
1769 4957 1880 5011 act.
1924 4969 2038 5011 sec.
2078 4951 2148 5024 V,
2181 4955 2281 5023 45,
2316 4949 2481 5028 118).
2571 4950 2676 5010 sed
2716 4955 2918 5010 tamen
2956 4949 3045 5010 ita
3090 4950 3170 5010 sit
3226 4955 3432 5028 aperta
3448 4995 3463 5023 ‚
3520 4954 3592 5011 ut
3647 4949 3923 5025 intellegi
3965 4946 4154 5025 possit
4211 4949 4274 5006 et

693 5051 976 5112 memoria
1003 5052 1312 5115 contineri.
