4817 5934
2117 597 2633 668 -45-

1301 795 1617 856 Charisius.

1364 916 1622 992 Zeugma
1666 925 1756 973 cst
1797 913 2022 973 verbum
2069 915 2221 992 quod
2262 918 2319 973 in

583 1017 811 1092 duplici
838 1015 1213 1092 multipliaivc
1240 1019 1518 1074 sententia
1549 1025 1806 1093 aptatur,
1843 1017 1946 1074 scd
1963 1018 2116 1094 quod
2145 1020 2323 1076 omni-

583 1117 688 1175 bus
731 1119 1103 1176 communiter
1144 1117 1427 1187 redditur,
1481 1127 1544 1176 ut
1561 1141 1580 1175 .-

749 1209 1207 1294 ‘Troiugena
1246 1220 1284 1278 i.
1333 1221 1385 1279 d.
1435 1240 1492 1298 q.
1537 1240 1595 1280 n.
1640 1221 1749 1279 Ph.

708 1342 814 1401 .q.
860 1325 948 1380 tr.
996 1321 1093 1380 01.
1137 1321 1175 1379 1.
1221 1341 1279 1401 q.
1325 1341 1367 1380 s.
1413 1313 1478 1381 s?
1522 1321 1724 1398 (Vei-g.
1761 1325 1830 1382 A.
1876 1327 1929 1396 3,
1967 1323 2149 1398 359);

581 1424 831 1485 verbum
888 1424 1046 1482 enim
1105 1413 1324 1483 ‘sentis'
1379 1423 1630 1500 singulis
1675 1423 2010 1504 quibusque
2055 1425 2318 1484 debetur.

584 1526 716 1585 aliia
774 1527 860 1585 ita
913 1524 1141 1602 placuit
1199 1543 1446 1600 zeugma
1499 1525 1748 1585 definire
1799 1516 1970 1585 ‘nihil
2012 1525 2320 1585 hominum

585 1635 648 1690 te
680 1630 952 1688 fortunae
998 1626 1152 1686 nihil
1196 1627 1655 1688 commiserescit
1696 1627 1900 1688 meae?
1941 1629 2098 1703 finge
2144 1627 2321 1687 adve-

587 1749 724 1788 nam
769 1747 920 1789 esse:
961 1729 1116 1789 nihil
1155 1731 1407 1790 fraterni
1440 1730 1698 1790 nominis
1732 1731 1994 1790 solemne
2031 1729 2321 1789 auxilium

590 1837 651 1892 et
690 1849 905 1891 nomen
960 1831 1201 1908 pietatis
1245 1827 1512 1893 movet?’
1581 1833 1780 1910 plures
1825 1831 2156 1892 sententiae
2197 1849 2319 1889 uno

588 1935 766 1995 verbo
815 1932 1148 1993 eluduntur.

710 2549 1086 2623 Hypozeuaeis
1130 2557 1215 2604 cst
1258 2565 1383 2604 cum
1427 2546 1692 2623 singulae
1747 2565 1842 2604 res
1886 2554 1990 2603 aut
2034 2564 2318 2622 personae

583 2645 770 2706 verbis
814 2650 934 2705 suis
977 2649 1306 2720 cluduntur,
1360 2659 1454 2707 ut.-

665 2739 948 2824 ‘regem
985 2750 1144 2810 adit
1187 2757 1260 2809 et
1301 2769 1346 2808 r.
1394 2770 1471 2809 m.
1515 2771 1573 2811 n.
1621 2771 1678 2831 q.
1724 2771 1778 2826 g.
1826 2770 1880 2829 q.

669 2851 954 2930 quidve
997 2851 1201 2911 ferat
1257 2873 1316 2932 q.
1361 2851 1398 2910 i.
1446 2872 1503 2928 p.
1554 2896 1568 2911 .
1607 2897 1620 2910 .
1658 2898 1670 2910 .
1715 2842 1940 2910 ferit’
2001 2849 2202 2928 (Verg.
2248 2855 2320 2909 A.

807 2953 1326 3032 10‚149-154)

713 3567 993 3645 Syllcpsis
1036 3576 1123 3625 est
1157 3585 1283 3624 cum
1315 3566 1637 3643 singulari&
1669 3566 1843 3623 dictio
1881 3563 2116 3642 plurali
2153 3561 2322 3620 verbo

587 3669 970 3739 concluditur,
1007 3676 1105 3728 ut.-
1147 3711 1161 3726 .
1182 3710 1196 3726 .
1223 3711 1238 3726 .
1265 3669 1468 3746 (Verg.
1492 3670 1558 3725 B.
1584 3672 1636 3738 1,
1658 3669 1788 3744 81),
1819 3667 1912 3725 vel
1928 3685 2052 3724 cum
2067 3665 2324 3743 pluralis

586 3771 761 3829 dictio
806 3772 1105 3848 singulari
1141 3769 1311 3830 verbo
1355 3771 1718 3829 concluditur
1732 3810 1752 3840 ,
1819 3778 1886 3826 ut
1921 3759 2018 3827 ‘hi
2033 3787 2064 3828 c
2108 3766 2324 3826 illiue

588 3891 640 3932 a.
686 3874 744 3932 h.
791 3891 840 3933 Θ.
879 3864 1056 3934 fuit’
1099 3873 1196 3950 (A.
1239 3876 1291 3947 1,
1328 3872 1464 3951 16);
1521 3871 1729 3932 debuit
1769 3871 1928 3932 enim
1972 3870 2166 3930 dicere
2207 3860 2324 3928 ‘hie

587 3972 749 4034 illius
789 3992 952 4034 arma
993 3965 1267 4035 fuerunt'.

714 4077 1092 4153 Anadiplosis
1136 4085 1225 4135 est
1263 4079 1388 4134 cum
1432 4075 1624 4135 cadem
1667 4076 1841 4134 dictt'o
1885 4077 2028 4133 etin
2065 4073 2322 4132 clausula

593 4197 791 4237 versus
836 4189 894 4238 et
938 4181 998 4238 in
1034 4181 1330 4256 principio
1371 4180 1660 4256 sequentis
1695 4180 1955 4255 ponitur,
2006 4185 2070 4234 ut
2084 4199 2104 4232 .·

892 4271 1278 4363 ‘sequitur
1319 4280 1562 4359 pulch.
1607 4283 1839 4341 Aetor

629 4385 862 4444 Aetor
905 4401 954 4444 e.
1001 4404 1058 4464 q.
1102 4384 1144 4443 f.
1189 4403 1241 4442 e.
1283 4403 1340 4444 v.
1387 4374 1460 4442 a.'
1502 4381 1705 4461 (Verg.
1738 4385 1808 4441 A.
1852 4385 1946 4457 10,
1984 4385 2102 4441 180
2128 4380 2262 4462 sq.).

3142 797 3443 856 Sacerdos.

2552 916 2644 973 De
2686 916 3041 994 hypozeuxi.
3130 915 3522 993 Hypozeuxis
3566 924 3651 972 est
3693 918 3948 993 quotiens
3992 935 4162 974 unum

2428 1015 2653 1075 verbum
2700 1020 2759 1075 in
2804 1017 3031 1094 duplici
3066 1017 3438 1094 multiplicivc
3479 1019 3760 1075 sententia
3812 1028 4013 1094 postea
4060 1037 4161 1095 ap-

2420 1119 2681 1195 plicatur
2724 1119 2979 1177 amnibus
3021 1117 3415 1197 supcrzbribus
3456 1119 3822 1196 respondem,
3872 1127 3938 1177 ul
3979 1128 4101 1177 cst.-

3168 1211 3327 1300 ‘qui
3372 1221 3686 1279 numina
3729 1221 3854 1281 Ph.

2597 1343 2653 1403 q.
2699 1328 2785 1382 tr.
2832 1321 2930 1382 cl.
2974 1321 3012 1381 1.
3061 1342 3117 1402 q.
3164 1344 3210 1382 s.
3256 1315 3327 1381 Θ.’
3384 1321 3585 1399 (Verg.
3622 1326 3692 1380 A.
3730 1329 3785 1395 3,
3823 1322 3990 1400 359).

2552 1426 2643 1484 De
2686 1425 2990 1501 prozeuxi.
3080 1425 3437 1498 Prozeuxie,
3500 1443 3653 1504 quae
3715 1429 3806 1484 est
3867 1422 4162 1484 eontraria

2424 1527 2782 1605 hypozeuxi,
2829 1526 2899 1586 fit
2926 1527 3041 1585 hoe
3075 1527 3266 1598 modo,
3312 1546 3443 1585 cum
3488 1530 3665 1585 antea
3696 1526 3945 1586 verbum
3989 1525 4164 1601 poni-

2424 1633 2523 1689 tur
2566 1628 2726 1708 quod
2770 1629 2967 1687 omnia
3019 1629 3351 1705 posteriora
3403 1628 3753 1702 coniungat,
3814 1632 3916 1686 ut:
3962 1672 3975 1685 .
4024 1671 4035 1682 .
4084 1671 4100 1686 .
4148 1669 4160 1683 .

2426 1731 2737 1807 (Verg.·A.
2770 1730 2824 1801 7,
2859 1728 3026 1805 243).

2552 1831 2645 1890 De
2686 1831 3156 1908 promesozeuxi.
3244 1832 3767 1903 Promesozeuxie,
3826 1847 3977 1909 quae
4022 1847 4162 1888 eon·

2426 1939 2542 1995 stat
2572 1935 2641 1993 de
2670 1934 2958 2011 prozeuxi
2990 1938 3051 1992 et
3080 1934 3440 2006 mesozeuxi,
3483 1934 3554 1993 fit
3582 1933 3694 1993 hoc
3724 1932 3934 1991 modo:
3976 1930 4161 1990 verba

2423 2036 2756 2097 necessaria
2800 2039 2937 2095 ante
2983 2039 3043 2094 et
3086 2034 3151 2092 in
3186 2035 3381 2094 medio
3426 2034 3622 2112 posita
3664 2037 3914 2094 nectunt
3958 2049 4158 2091 secum

2426 2130 2768 2209 arationem,
2812 2141 2911 2196 ut:
2958 2182 2971 2194 .
3019 2182 3031 2195 .
3082 2182 3095 2194 .
3142 2136 3345 2215 (Verg.
3381 2140 3451 2194 A.
3489 2142 3542 2210 3,
3579 2134 3684 2213 85)
3730 2154 3781 2194 Θ.
3817 2155 3871 2214 q.
3906 2155 3951 2194 e.

2552 2547 2642 2607 ΒΘ
2686 2549 3011 2623 zeugmate.
3098 2545 3355 2620 Zeugma
3398 2548 3490 2604 est
3522 2562 3651 2603 cum
3687 2544 3865 2602 rebus
3910 2541 4158 2618 singulis

2424 2651 2609 2712 verba
2650 2648 2979 2708 necessaria
3020 2646 3413 2724 applicantur,
3456 2651 3554 2705 ut:

2509 2743 2782 2827 ‘regem
2841 2749 3007 2810 adit
3062 2755 3135 2809 et
3175 2748 3347 2823 regi
3390 2740 3783 2807 memorat'
3836 2746 4040 2824 (Verg.
4087 2748 4158 2804 A.

2648 2852 2947 2930 10,149)

2553 3363 2645 3421 De
2708 3361 3032 3440 synlempsi
3096 3361 3305 3439 prima.
3394 3359 3747 3435 Synlempsis
3804 3359 3999 3436 prima
4048 3355 4157 3434 fit,

2428 3484 2551 3524 cum
2615 3465 2789 3522 dictio
2832 3462 3158 3540 singularis
3210 3461 3441 3539 plurali
3496 3461 3815 3538 alligatur,
3882 3465 3980 3519 ut:
4027 3506 4041 3518 .
4087 3505 4102 3521 .
4147 3504 4160 3518 .

2432 3570 2634 3646 (Verg.
2670 3571 2742 3626 A.
2787 3571 2838 3640 1,
2873 3564 3042 3643 212).

2556 3670 2647 3730 De
2690 3669 2948 3734 secunda
2979 3667 3129 3746 eynl.
3218 3664 3488 3724 Secunda
3531 3663 3885 3742 eynlempsis
3930 3669 4163 3724 contra·

2425 3773 2518 3833 ria
2548 3773 2633 3846 fit,
2678 3789 2805 3828 cum
2835 3771 3008 3829 dictio
3047 3766 3301 3848 pluralis
3332 3766 3635 3842 singulari
3666 3766 4051 3837 concluditur,
4102 3773 4166 3824 ut

2424 3866 2572 3935 ‘hic
2626 3873 2700 3933 il.
2745 3892 2794 3932 a.
2840 3873 2897 3931 h.
2944 3892 2992 3932 c.
3036 3860 3215 3930 fuit’
3273 3868 3370 3946 (A.
3414 3872 3476 3942 1,
3525 3867 3644 3942 16).
3692 3897 3777 3911 —-
3835 3868 3927 3926 De
3986 3867 4164 3927 tertia

2428 3976 2583 4056 eynl.
2666 3973 3038 4054 Synlempsis
3080 3993 3130 4031 Θ.
3165 3991 3219 4052 q.
3254 3990 3299 4029 e.

2555 4081 2640 4138 Dc
2697 4075 3041 4153 anadiplosi.
3133 4071 3513 4149 Anadiplaszk
3572 4078 3662 4129 est
3719 4089 3845 4128 cum
3901 4070 4161 4129 ultimum

2427 4179 2660 4239 verbum
2698 4179 2971 4238 dictionis
3006 4175 3399 4254 praecedenti&
3443 4176 3501 4232 in
3544 4175 3827 4251 sequentis
3864 4174 4162 4250 principio

2430 4286 2699 4352 iteratur,
2751 4288 2848 4339 ut.-

2816 4371 3200 4463 ‘eequitur
3242 4375 3478 4456 pulch.
3523 4379 3754 4438 Astur

2685 4488 2917 4545 Astur
2960 4501 3011 4542 Θ.
3054 4472 3116 4540 f?
3159 4480 3362 4560 (Verg.
3392 4483 3463 4540 A.
3506 4483 3601 4554 10,
3642 4482 3764 4538 180
3790 4477 3907 4558 sq.)
