4817 5934
2227 611 2691 684 ...3-

925 801 1068 869 Hae
1129 805 1280 869 sunt
1336 802 1674 886 reliquiae,
1729 821 1896 887 quae
1941 805 2160 872 Scauri
2203 805 2459 874 nomine
2503 807 2829 890 adscripto
2886 809 3059 892 apud
3101 809 3495 892 posteriores
3552 809 4003 892 grammaticos
4060 807 4251 876 nobis

667 927 965 989 servatae
1027 927 1194 988 sunt.
1279 941 1408 988 non
1469 923 1898 1005 spernendum
1959 926 2294 992 accederet
2351 927 2706 992 auctarium
2723 977 2739 1008 ,
2800 928 2859 994 si
2902 927 3300 1011 comprobari
3341 933 3595 1010 posset,
3652 929 3825 1010 quod
3884 927 4253 1011 suspicatur

667 1042 916 1108 Keilius
961 1041 1070 1108 Gr.
1100 1041 1212 1106 lat.
1243 1041 1384 1122 VII,
1414 1041 1541 1108 319
1585 1043 1920 1109 Audacis
1962 1037 2064 1110 ‘de
2108 1044 2330 1110 Scauri
2373 1051 2440 1110 et
2482 1045 2757 1112 Palladii
2799 1046 2979 1113 libris
3025 1041 3341 1130 excerpta’
3384 1065 3682 1130 magnam
3726 1051 3977 1129 partem
4022 1065 4101 1112 ex
4127 1047 4253 1113 Te-

667 1160 859 1228 rentii
891 1160 1112 1227 Scauri
1147 1165 1288 1226 arte
1320 1159 1629 1243 originem
1659 1159 1912 1230 ducere.
1974 1180 2101 1245 qua
2133 1163 2216 1229 de
2246 1183 2318 1229 re
2348 1182 2466 1246 ego
2498 1165 2753 1246 quidem
2782 1165 2972 1232 valde
3004 1166 3244 1232 dubito.
3306 1183 3453 1232 nam
3484 1166 3758 1249 primum
3790 1164 4043 1248 quidem
4075 1165 4249 1248 quod

665 1281 876 1348 tribus
919 1279 1080 1346 locis
1123 1279 1298 1362 apud
1341 1279 1667 1346 Audacem
1712 1281 1986 1363 vestigia
2029 1281 2252 1348 Scauri
2297 1283 2627 1351 doctrinae
2668 1285 3108 1363 inveniuntur,
3150 1305 3211 1369 p.
3241 1287 3387 1366 320,
3415 1286 3459 1352 5
3512 1280 3658 1350 ‘Ars
3703 1285 3855 1367 quid
3901 1286 4046 1351 est?
4130 1282 4248 1349 Rei

671 1401 980 1482 cuiusque
1043 1398 1314 1465 scientia
1373 1399 1458 1464 ad
1499 1399 1842 1466 utilitatem
1905 1399 2523 1485 delectationemque
2583 1404 2909 1471 tendentis
2964 1423 3084 1470 usu
3144 1407 3247 1470 vel
3306 1403 3553 1470 ratione
3610 1397 4083 1486 comprehensa’
4142 1401 4251 1487 (cf.

667 1518 788 1602 frg.
823 1518 962 1602 12),
1021 1536 1082 1600 p.
1113 1517 1234 1583 321
1259 1567 1276 1598 ,
1322 1519 1431 1584 14:
1491 1512 1910 1586 ‘Elementum
1966 1520 2120 1602 quid
2174 1522 2318 1586 est?
2401 1521 2607 1588 Unius
2654 1523 2962 1606 cuiusque
3004 1523 3097 1590 rei
3141 1523 3422 1604 initium,
3481 1542 3522 1588 a
3564 1542 3691 1606 quo
3736 1523 4009 1588 sumitur
4048 1523 4251 1588 incre·

670 1645 953 1704 mentum
995 1641 1063 1703 et
1103 1637 1170 1702 in
1215 1637 1385 1720 quod
1430 1633 1787 1703 resolvitur'
1831 1637 1939 1720 (cf.
1982 1639 2058 1705 fr.
2092 1640 2222 1722 13),
2266 1658 2328 1722 p.
2359 1641 2518 1720 324,
2561 1643 2633 1708 8:
2674 1635 2918 1707 ‘Oratio
2962 1641 3114 1725 quid
3162 1645 3309 1708 est?
3396 1641 3619 1708 Sermo
3663 1648 4004 1708 contextus
4049 1691 4067 1707 .
4111 1690 4129 1706 .
4176 1693 4189 1706 .
4234 1689 4251 1705 .

669 1757 858 1823 Unde
905 1757 1078 1821 dicta
1122 1756 1370 1822 oratio?
1431 1756 1633 1834 Quasi
1678 1757 1807 1824 oris
1851 1759 2046 1838 ratio,
2093 1758 2194 1824 cui
2241 1759 2475 1825 accidit
2518 1755 2823 1827 clausula’
2868 1759 2974 1844 (cf.
3022 1761 3093 1826 fr.
3126 1762 3266 1846 14):
3327 1762 3474 1828 hinc
3516 1778 3917 1843 nequaquam
3964 1759 4255 1843 sequitur

669 1877 980 1944 Scaurum
1037 1873 1237 1942 fuisse
1282 1875 1562 1940 Audacis
1620 1883 1965 1942 auctorem.
2051 1877 2245 1944 immo
2303 1895 2456 1944 vero
2518 1879 2737 1945 ultimo
2799 1879 2941 1946 loco
3000 1879 3190 1962 plane
3248 1882 3727 1946 demonstratur
3770 1879 4079 1945 Scaurum
4125 1895 4253 1944 non

670 1995 874 2061 fuisse
921 1998 1246 2060 auctorem
1293 1993 1595 2059 AudaciS.
1683 1997 2008 2062 examines
2054 1998 2238 2078 enim,
2281 2016 2544 2080 quaeso,
2584 1997 2775 2064 haec:

931 2113 1162 2179 Audax
1203 2133 1266 2195 p.
1299 2113 1455 2194 324,
1501 2115 1572 2179 8:
1630 2108 1872 2180 ‘Oratio
1931 2116 2085 2198 quid
2147 2119 2294 2182 est?
2379 2117 2605 2183 Sermo
2660 2124 2993 2188 contextus
3040 2119 3124 2184 ad
3168 2119 3522 2185 clausulam
3580 2117 3855 2183 tendens
3900 2135 4017 2200 per
4061 2132 4251 2196 argu·

672 2240 892 2301 menta
947 2233 1354 2298 narrationis.
1439 2233 1626 2300 Unde
1686 2234 1858 2299 dicta
1916 2236 2171 2300 oratio?
2255 2237 2456 2314 Quasi
2516 2238 2645 2302 oris
2706 2239 2870 2304 ratio
2931 2239 3031 2304 cui
3078 2239 3311 2304 accidit
3355 2237 3663 2304 clausula.
3750 2235 4057 2302 Clausala
4099 2233 4256 2316 quid

673 2355 821 2420 est?
916 2351 1307 2433 Compositio
1377 2352 1714 2418 verborum
1782 2354 2110 2436 plausibili
2178 2361 2504 2422 structura
2574 2358 2657 2422 ad
2718 2357 2955 2422 exitum
3024 2352 3404 2423 terminata?
3489 2355 3798 2424 Victorin.
3854 2355 3963 2420 Gr.
4007 2354 4119 2419 lat.
4166 2353 4256 2418 VI

673 2493 735 2556 p.
771 2472 912 2552 192,
943 2473 1014 2537 2:
1056 2465 1299 2536 ‘Oratio
1345 2471 1498 2552 quid
1543 2475 1686 2538 est?
1747 2471 2098 2538 Contextus
2145 2492 2351 2541 sermo
2397 2477 2483 2540 ad
2526 2476 2879 2542 clausulam
2924 2479 3213 2543 tendens.
3298 2477 3487 2542 Unde
3532 2475 3705 2540 dicta
3748 2474 3999 2539 oratio?
4056 2473 4259 2551 Quasi

673 2593 804 2658 oris
861 2589 1046 2656 ratio.
1101 2626 1186 2637 —
1252 2589 1557 2656 Clausula
1599 2591 1751 2673 quid
1797 2593 1940 2657 est?
2028 2592 2421 2674 Compositio
2466 2595 2801 2660 verborum
2848 2596 3207 2677 plausibilis
3252 2601 3615 2660 structurae
3660 2594 3831 2659 exitu
3876 2585 4257 2658 terminata?

674 2711 962 2778 Diomed.
1006 2729 1068 2791 p.
1099 2710 1259 2791 300,
1308 2711 1388 2776 19
1443 2709 1723 2790 (duabus
1777 2711 2086 2777 orationis
2134 2712 2609 2779 definitionibus
2654 2715 2925 2796 prolatis
2970 2715 3235 2798 pergit):
3296 2709 3654 2780 ‘Scaurus
3712 2712 3837 2777 sic:
3902 2711 4107 2776 oratio
4152 2715 4257 2775 est

675 2849 786 2895 ore
829 2829 1030 2894 missa
1073 2832 1138 2893 et
1182 2847 1299 2910 per
1342 2828 1652 2894 dictiones
1699 2828 1993 2896 ordinata
2036 2833 2491 2913 pronuntiatio.
2580 2834 2786 2899 oratio
2846 2838 3061 2898 autem
3116 2833 3372 2898 videtur
3428 2832 3601 2898 dicta
3660 2831 3845 2913 quasi
3902 2831 4032 2897 oris
4089 2829 4257 2895 ratio

675 2949 777 3014 vel
823 2967 864 3014 a
898 2947 1146 3014 Graeca
1189 2942 1449 3029 origine'
1493 2997 1508 3011 .
1646 2952 1782 3014 tum
1829 2951 2120 3031 sequitur
2164 2951 2344 3016 nulla
2387 2951 2830 3018 coniunctione
2873 2952 3255 3033 interposita
3297 2949 3581 3016 definitio
3628 2949 3744 3034 (=
3774 2951 3934 3016 Aud.
3966 2957 4034 3014 et
4062 2947 4257 3033 Vict.)

675 3073 980 3152 quarta:
1039 3061 1281 3132 ‘Oratio
1327 3070 1430 3132 est
1473 3083 1683 3133 sermo
1729 3073 2064 3135 contextus
2109 3070 2194 3136 ad
2238 3071 2589 3136 clausulam
2635 3073 2929 3138 tendenS.
3016 3069 3305 3138 clausula
3350 3075 3451 3137 est
3502 3071 3878 3152 compositio
3922 3068 4259 3134 verborum

675 3185 1036 3271 plausibilis
1081 3191 1445 3252 structurae
1489 3185 1663 3251 exitu
1704 3185 2076 3254 terminata?

931 3303 1132 3371 Vides
1177 3303 1374 3386 igitur
1420 3304 1698 3372 Audacis
1746 3311 1813 3370 et
1852 3306 2162 3372 Victorini
2206 3308 2608 3375 definitiones
2668 3328 2794 3374 non
2845 3315 2978 3374 tam
3024 3310 3264 3376 Scauro
3320 3324 3508 3391 quam
3552 3307 3646 3373 illi
3690 3306 4103 3389 grammatico
4147 3305 4260 3370 de·

677 3425 843 3505 beri,
904 3424 1085 3489 cuius
1127 3422 1562 3489 definitionem
1607 3423 1950 3492 Diomedes
1997 3432 2225 3508 quarto
2269 3429 2487 3511 posuit
2528 3428 2699 3509 loco;
2746 3428 3116 3494 Diomedem
3161 3447 3313 3494 vero
3358 3429 3550 3493 etiam
3594 3427 3762 3492 hanc
3804 3430 4101 3507 quartam
4147 3425 4258 3490 de·

677 3544 1029 3612 finitionem
1076 3561 1154 3607 ex
1197 3542 1419 3610 Scauri
1460 3537 1637 3608 ‘arte’
1682 3545 2067 3627 sumpsisse,
2126 3546 2194 3611 id
2239 3547 2409 3628 quod
2455 3546 2702 3614 Keilius
2746 3548 2785 3612 l.
2819 3547 2859 3614 l.
2904 3548 3161 3612 videtur
3200 3553 3461 3630 putare,
3523 3563 3562 3611 a
3604 3543 3931 3610 verisimili
3990 3561 4258 3626 prorsus

683 3664 1000 3731 abhorret.
1091 3661 1258 3730 adde
1302 3661 1472 3744 quod
1519 3662 1884 3729 Victorinus
1930 3670 1996 3730 et
2039 3665 2268 3730 Audax
2324 3683 2468 3731 cum
2512 3666 2819 3733 Diomede
2860 3666 3195 3749 permultis
3238 3665 3426 3747 locis,
3492 3665 3721 3749 quibus
3768 3665 4045 3730 Scaurus
4108 3683 4262 3730 non

688 3791 1238 3860 commemoratur,
1283 3781 1707 3863 consentiunt,
1750 3783 2143 3849 dissentiunt
2185 3785 2576 3868 plerumque,
2619 3786 2726 3851 ubi
2773 3787 3049 3852 Scaurus
3097 3793 3319 3851 auctor
3364 3785 3743 3850 nominatur.

939 3901 1121 3979 Quae
1167 3918 1309 3965 cum
1351 3901 1446 3964 ita
1489 3900 1649 3982 sint,
1693 3901 1872 3966 nulla
1915 3907 2018 3968 est
2060 3921 2291 3984 causa,
2335 3923 2449 3970 cur
2494 3906 2684 3971 Keilii
2728 3905 3048 3972 sententia
3090 3905 3362 3987 probata
3406 3923 3815 3984 eonsensum,
3862 3921 4049 3986 quem
4094 3902 4261 3966 inter

684 4020 1090 4100 Diomedem,
1135 4020 1488 4100 Audacem,
1533 4020 1930 4087 Victorinum
1971 4022 2360 4104 invenimus»,
2419 4026 2503 4090 ad
2553 4025 2773 4091 Scauri
2820 4031 3023 4090 artem
3069 4025 3580 4106 grammaticam,
3640 4039 4031 4088 communem
4076 4017 4258 4100 quasi

683 4139 956 4220 fontem,
1018 4137 1418 4204 referendum
1478 4156 1623 4204 esse
1677 4145 1996 4221 putemus.
2084 4143 2256 4225 quod
2311 4162 2463 4210 vero
2506 4144 2733 4210 Audax
2779 4162 2851 4210 se
2896 4143 3117 4209 Scauri
3173 4148 3240 4209 et
3282 4141 3555 4208 Palladii
3611 4141 3811 4208 libros
3864 4137 4263 4221 excerpsisse

685 4257 1099 4339 inscriptione
1142 4256 1289 4323 libri
1332 4262 1630 4339 testatur,
1672 4259 1796 4325 hoc
1839 4259 2078 4326 nullius
2125 4267 2229 4328 est
2271 4265 2591 4329 momenti.
2656 4281 2805 4329 nam
2850 4263 3019 4329 sicut
3060 4261 3307 4328 Keilius
3352 4263 3461 4327 Gr.
3490 4261 3602 4326 lat.
3646 4261 3788 4341 VII,
3816 4259 3942 4328 319
3986 4257 4267 4324 Palladii

686 4378 944 4444 nomine
999 4377 1304 4442 instituta
1358 4377 1592 4442 artium
1636 4377 1871 4444 Probi
1918 4379 2264 4462 significari
2307 4381 2723 4463 probabiliter
2765 4383 3023 4463 conicit,
3084 4381 3305 4447 Scauri
3349 4399 3601 4463 quoque
3646 4379 3901 4446 nomine
3945 4396 4072 4444 non
4118 4395 4264 4444 con·

685 4497 886 4564 fidere
913 4496 1041 4562 iam
1071 4515 1189 4579 per
1217 4513 1290 4562 se
1324 4514 1596 4578 aequum
1628 4502 1730 4564 est
1753 4502 1774 4539 ²
1793 4498 1874 4582 ¹).
1949 4500 2066 4564 sed
2109 4499 2297 4582 longe
2342 4501 2653 4584 ampliora
2696 4501 2917 4566 Scauri
2956 4493 3156 4566 ‘artis’
3200 4500 3649 4584 supplementa
3692 4518 3769 4564 ex
3811 4498 4012 4582 largis
4058 4497 4265 4580 copiis

687 4615 1200 4699 artigraphorum
1247 4615 1532 4681 eruenda
1567 4633 1723 4682 esse
1767 4621 1835 4684 et
1879 4617 2015 4683 erui
2057 4636 2255 4700 posse
2297 4618 2466 4685 infra
2509 4619 2983 4702 explicabimus.
3114 4709 3119 4714 ἡ

735 4739 1073 4746 ----———-—--

953 4787 1054 4867 12)
1097 4791 1277 4864 adde,
1339 4789 1498 4869 quod
1541 4790 2056 4866 grammaticorum
2099 4791 2344 4852 nomina
2384 4793 2542 4870 apud
2584 4793 2942 4870 posteriores
2985 4793 3283 4853 interdum
3326 4795 3663 4869 permutata
3705 4811 3834 4851 esse
3878 4797 4137 4862 constat,
4200 4793 4270 4846 ut

687 4891 920 4952 Probus
963 4891 1305 4954 nominatur
1340 4911 1448 4970 pro
1483 4891 1789 4966 Diomede,
1835 4911 1943 4970 pro
1975 4893 2244 4952 charisio
2279 4895 2678 4955 cominianus.
2740 4895 2811 4955 cf.
2850 4894 3033 4970 Steup
3074 4884 3167 4954 ‘de
3197 4894 3410 4954 Probis
3444 4884 3860 4970 grammaticis’
3900 4913 3960 4970 p.
3992 4891 4108 4951 177
4134 4909 4268 4970 sqq.

689 4999 752 5054 et
794 4995 1009 5072 Hagen
1050 4997 1340 5056 Anecdot.
1386 4995 1625 5055 Helvet.
1671 5014 1730 5071 p.
1763 4993 1917 5054 CLV
1961 5001 2023 5054 et
2066 4995 2312 5055 CLXII.
