4817 5934
2143 591 2657 663 —51-.-

1321 790 1639 850 Charisius.
3168 791 3468 853 Sacerdos,

1245 911 1516 985 Dialyeon
1562 919 1647 967 est
1690 911 1816 969 sive
1863 909 2106 987 dialysis
2152 912 2342 967 oratio
2538 913 2621 968 De
2665 912 2905 988 de'alyto.
3003 912 3275 988 Dialyton
3338 913 3427 968 vel
3484 909 3794 988 asyndelon
3856 914 3945 970 est
4006 911 4183 970 dictio

1531 997 1542 1029 ⁸
2452 1013 2579 1073 sine
2622 1013 3041 1073 coniunctione
3084 1013 3329 1090 prolata,
3374 1017 3471 1073 ut:

914 1115 1073 1174 nulla
1120 1117 1512 1174 coniunctione
1555 1117 1910 1192 emer-posita,
1963 1122 2056 1170 ut:

1337 1206 1492 1275 ‘alii
1537 1216 1912 1276 navalibus
1951 1216 2083 1288 ite,
2129 1215 2342 1275 Ferte
3171 1207 3326 1275 ‘alii
3372 1215 3751 1277 navalibus
3796 1217 3923 1289 ite,
3968 1217 4183 1276 Ferte

609 1340 658 1379 0.
691 1319 750 1389 f.,
792 1320 846 1377 d.
879 1324 940 1390 t.,
973 1318 1011 1376 i.
1046 1311 1111 1378 r.’
1164 1319 1365 1396 (Verg.
1402 1323 1473 1377 A.
1511 1323 1567 1390 4,
1603 1317 1776 1392 593),
1824 1323 1886 1378 et
1921 1319 2136 1378 aliubi:
2184 1363 2196 1376 .
2231 1363 2243 1375 .
2279 1365 2291 1377 .
2327 1365 2339 1376 .
2450 1339 2498 1379 c.
2536 1319 2636 1392 fl„
2685 1320 2737 1378 d.
2779 1323 2838 1390 t.,
2885 1318 2927 1377 i.
2965 1310 3032 1377 r.'
3082 1318 3289 1395 (Verg.
3320 1322 3391 1377 A.
3426 1322 3483 1390 4,
3521 1319 3683 1395 593).

611 1419 750 1497 (inc.
800 1427 946 1496 trag.
993 1441 1048 1479 v.
1088 1423 1209 1496 84).

1917 1881 2322 1944 Quintilianus
2363 1881 2476 1956 IX,
2528 1886 2581 1954 3,
2632 1885 2709 1940 54
2741 1901 2870 1962 sqq.

861 1997 1158 2072 Gradatio‚
1206 2018 1360 2079 quae
1405 1999 1621 2060 dicitur
1663 1999 1894 2074 κλῖμαξ,
1934 2003 2291 2077 apertiorem
2335 2003 2523 2061 habet
2565 2007 2753 2060 artem
2798 2005 2859 2063 et
2902 2000 3090 2076 magis
3134 1999 3501 2073 adfectatam,
3547 2000 3800 2079 ideoque
3833 2017 3961 2059 esse
3994 1998 4183 2058 rarior

608 2100 801 2160 debet.
887 2105 980 2161 est
1023 2107 1219 2161 autem
1264 2103 1394 2179 ipsa
1439 2122 1678 2183 quoque
1721 2102 2102 2163 adiectionis:
2159 2105 2381 2180 repetit
2438 2104 2597 2163 enim
2643 2122 2795 2183 quae
2841 2105 2999 2164 dicta
3040 2107 3208 2175 sunt,
3270 2107 3331 2161 et
3374 2102 3718 2182 priusquam
3761 2101 3835 2159 ad
3880 2101 4039 2160 aliud
4083 2101 4181 2159 de-

603 2203 874 2276 scendat,
922 2203 986 2261 in
1030 2204 1328 2280 prioribus
1374 2204 1627 2266 resistit:
1686 2204 1890 2282 (Isid.
1925 2205 2036 2264 Or.
2067 2205 2151 2278 11,
2186 2211 2285 2279 21,
2320 2213 2387 2266 3:
2456 2207 2685 2264 Climaoe
2728 2216 2817 2264 est
2852 2205 3129 2283 gradatio
3175 2223 3297 2263 cum
3346 2204 3418 2263 ab
3462 2224 3526 2262 eo
3572 2203 3740 2262 verbo
3762 2248 3779 2274 ,
3832 2222 3939 2281 quo
3984 2223 4183 2263 sensus

599 2307 864 2381 superior
908 2308 1265 2376 terminatur,
1313 2306 1557 2386 inferior
1602 2310 1811 2387 incipit
1852 2327 1921 2365 ac
1962 2308 2168 2366 dehinc
2211 2312 2383 2386 quasi
2412 2327 2521 2386 per
2558 2307 2782 2384 gradus
2826 2306 3054 2366 dicendi
3094 2308 3235 2365 ordo
3278 2314 3561 2376 servatur,
3614 2315 3677 2363 ut
3711 2313 3796 2364 est
3834 2305 3983 2363 illud
4012 2305 4185 2385 Afri-

600 2409 769 2464 cani.-
817 2396 910 2464 ’σε
955 2410 1275 2466 innocentia
1319 2413 1586 2468 nascitur
1628 2411 1908 2486 dignita&
1959 2431 2033 2468 ex
2079 2411 2362 2486 dignitate
2404 2410 2609 2480 honor,
2660 2430 2734 2468 ex
2779 2411 2991 2469 honore
3035 2412 3349 2486 imperium,
3400 2427 3474 2466 ex
3519 2409 3757 2485 imperio
3804 2402 4116 2485 liberta-3⁹.)

603 2507 771 2567 cuius
815 2510 1154 2585 exemplum
1199 2529 1274 2569 ex
1325 2510 1546 2571 Graeco
1592 2511 1898 2572 notissimo
1947 2511 2368 2572 transferatur:
2411 2504 2551 2572 ‘non
2595 2512 2754 2572 enim
2800 2512 2927 2571 dixi
2973 2512 3228 2592 quidem,
3273 2511 3374 2570 sed
3406 2529 3528 2570 non
3559 2509 3784 2588 scripsi,
3830 2529 3941 2570 nec
3971 2511 4180 2588 scripsi

607 2611 872 2688 quidem,
939 2613 1042 2671 sed
1086 2632 1206 2671 non
1253 2613 1374 2674 obii
1418 2613 1806 2690 legationem,
1857 2633 1967 2674 nee
2012 2613 2134 2673 obii
2179 2614 2419 2693 quidem
2464 2613 2839 2690 legationem,
2883 2614 2987 2674 sed
3029 2633 3152 2673 non
3196 2613 3459 2690 persuasi
3506 2611 3803 2672 Thebanis
3848 2613 4179 2690 (Demosth.

607 2712 683 2771 de
730 2731 848 2773 cor.
892 2733 950 2790 p.
986 2714 1153 2791 288).
1243 2721 1385 2776 sunt
1426 2721 1628 2777 tamen
1670 2717 1888 2777 tradita
1932 2722 1993 2777 et
2035 2717 2281 2777 Latina:
2338 2707 2647 2778 ‘Africano
2688 2719 2972 2779 virtutem
3024 2715 3347 2789 industria,
3406 2715 3597 2775 virtus
3654 2714 3932 2790 gloriam,
3994 2716 4184 2789 gloria

605 2815 870 2876 aemulos
914 2812 1301 2894 comparavit’
1355 2818 1454 2894 (cf.
1500 2819 1719 2879 Cornif.
1768 2820 1839 2878 ad
1884 2819 2028 2878 Her.
2059 2819 2166 2891 IV,
2200 2824 2300 2894 25,
2337 2819 2469 2897 34),
2534 2826 2596 2879 et
2639 2819 2805 2881 calvi
2851 2819 3021 2897 (orat.
3067 2819 3132 2877 in
3177 2817 3401 2894 Vatin.)
3448 2860 3461 2874 .
3497 2861 3511 2874 .
3544 2839 3595 2889 .;
3659 2817 3965 2878 invenitur
4025 2817 4182 2893 apud

599 2924 808 2994 poetas
853 2936 1118 2998 quoque,
1182 2926 1252 2980 ut
1294 2921 1452 2997 apud
1483 2920 1811 2981 Homerum
1857 2920 1952 2998 (ΙΙ.
1984 2921 2065 2995 ΙΙ,
2102 2921 2248 3000 101)
2294 2921 2366 2980 de
2412 2926 2673 3000 sceptro,
2737 2922 2897 3002 quod
2942 2940 2976 2979 a
3003 2923 3150 2980 Iove
3194 2921 3267 2979 ad
3300 2921 3803 2995 Agamemnonem
3846 2938 4036 2999 usque
4081 2919 4181 2977 de-

603 3020 780 3093 ducit,
828 3027 891 3080 et
933 3022 1090 3097 apud
1135 3029 1402 3083 nostrum
1448 3023 1626 3085 etiam
1671 3024 1959 3099 tragicum
2006 3023 2240 3102 (insert.
2289 3027 2442 3098 trag.
2486 3045 2542 3086 v.
2582 3023 2942 3102 101—103)
2988 3068 3002 3082 .
3039 3068 3051 3082 .
3088 3067 3101 3082 .
3135 3068 3147 3081 .
3192 3055 3277 3067 -
