<?xml version="1.0" encoding="UTF-8"?>
<!DOCTYPE html PUBLIC "-//W3C//DTD XHTML 1.0 Transitional//EN"
    "http://www.w3.org/TR/xhtml1/DTD/xhtml1-transitional.dtd">
<html xmlns="http://www.w3.org/1999/xhtml" xml:lang="en" lang="en">
 <head>
  <title>
</title>
<meta http-equiv="Content-Type" content="text/html;charset=utf-8" />
  <meta name='ocr-system' content='tesseract 3.04.00' />
  <meta name='ocr-capabilities' content='ocr_page ocr_carea ocr_par ocr_line ocrx_word'/>
</head>
<body>
  <div class='ocr_page' id='page_1' title='image "./symbolacriticaa00kummgoog_0024.png"; bbox 0 0 4817 5934; ppageno 0'>
   <div class='ocr_carea' id='block_1_1' title="bbox 2232 582 2745 653">
    <p class='ocr_par' dir='ltr' id='par_1_1' title="bbox 2232 582 2745 653">
     <span class='ocr_line' id='line_1_1' title="bbox 2232 582 2745 653; baseline -0.002 -24"><span class='ocrx_word' id='word_1_1' title='bbox 2232 582 2745 653; x_wconf 70' lang='lat' dir='ltr'>...1ss—</span> 
     </span>
    </p>
   </div>
   <div class='ocr_carea' id='block_1_2' title="bbox 2280 1013 2698 1140">
    <p class='ocr_par' dir='ltr' id='par_1_2' title="bbox 2280 1013 2698 1140">
     <span class='ocr_line' id='line_1_2' title="bbox 2280 1013 2698 1140; baseline -0.002 -31"><span class='ocrx_word' id='word_1_2' title='bbox 2280 1013 2488 1140; x_wconf 75' lang='lat' dir='ltr'><strong>Gap.</strong></span> <span class='ocrx_word' id='word_1_3' title='bbox 2549 1015 2698 1109; x_wconf 89' lang='lat'>111.</span> 
     </span>
    </p>
   </div>
   <div class='ocr_carea' id='block_1_3' title="bbox 695 1245 4294 3474">
    <p class='ocr_par' dir='ltr' id='par_1_3' title="bbox 695 1245 4283 1453">
     <span class='ocr_line' id='line_1_3' title="bbox 956 1245 4283 1339; baseline 0.002 -25"><span class='ocrx_word' id='word_1_4' title='bbox 956 1250 1280 1316; x_wconf 87' lang='lat' dir='ltr'><strong>Diomedis</strong></span> <span class='ocrx_word' id='word_1_5' title='bbox 1337 1256 1532 1333; x_wconf 90' lang='lat' dir='ltr'><strong>caput</strong></span> <span class='ocrx_word' id='word_1_6' title='bbox 1585 1245 1711 1318; x_wconf 83' lang='lat' dir='ltr'><strong>‘de</strong></span> <span class='ocrx_word' id='word_1_7' title='bbox 1753 1249 2340 1336; x_wconf 86' lang='lat' dir='ltr'><strong>metaplasmis’</strong></span> <span class='ocrx_word' id='word_1_8' title='bbox 2399 1255 2489 1339; x_wconf 91' lang='lat' dir='ltr'><strong>(p.</strong></span> <span class='ocrx_word' id='word_1_9' title='bbox 2520 1255 2667 1336; x_wconf 86' lang='lat'>440,</span> <span class='ocrx_word' id='word_1_10' title='bbox 2698 1255 2777 1320; x_wconf 83' lang='grc'><strong>27</strong></span> <span class='ocrx_word' id='word_1_11' title='bbox 2812 1257 2977 1339; x_wconf 87' lang='lat' dir='ltr'><strong>sqq.)</strong></span> <span class='ocrx_word' id='word_1_12' title='bbox 3034 1273 3112 1320; x_wconf 86' lang='lat' dir='ltr'><strong>ex</strong></span> <span class='ocrx_word' id='word_1_13' title='bbox 3168 1254 3440 1320; x_wconf 81' lang='lat' dir='ltr'><strong>diversis</strong></span> <span class='ocrx_word' id='word_1_14' title='bbox 3498 1255 3679 1322; x_wconf 89' lang='lat' dir='ltr'><strong>libris</strong></span> <span class='ocrx_word' id='word_1_15' title='bbox 3736 1255 4076 1322; x_wconf 88' lang='lat' dir='ltr'><strong>conflatum</strong></span> <span class='ocrx_word' id='word_1_16' title='bbox 4132 1274 4283 1322; x_wconf 88' lang='lat' dir='ltr'><strong>esse</strong></span> 
     </span>
     <span class='ocr_line' id='line_1_4' title="bbox 695 1368 4025 1453; baseline 0.001 -17"><span class='ocrx_word' id='word_1_17' title='bbox 695 1369 916 1436; x_wconf 88' lang='lat' dir='ltr'><strong>statim</strong></span> <span class='ocrx_word' id='word_1_18' title='bbox 957 1375 1159 1453; x_wconf 83' lang='lat' dir='ltr'><strong>patet,</strong></span> <span class='ocrx_word' id='word_1_19' title='bbox 1201 1368 1257 1434; x_wconf 91' lang='lat' dir='ltr'><strong>si</strong></span> <span class='ocrx_word' id='word_1_20' title='bbox 1302 1369 1765 1436; x_wconf 79' lang='lat' dir='ltr'><strong>examinaveris</strong></span> <span class='ocrx_word' id='word_1_21' title='bbox 1811 1371 2218 1438; x_wconf 88' lang='lat' dir='ltr'><strong>definitiones</strong></span> <span class='ocrx_word' id='word_1_22' title='bbox 2265 1373 2491 1440; x_wconf 87' lang='lat' dir='ltr'><strong>hasce:</strong></span> <span class='ocrx_word' id='word_1_23' title='bbox 4021 1446 4025 1452; x_wconf 58' lang='grc'>,</span> 
     </span>
    </p>

    <p class='ocr_par' dir='ltr' id='par_1_4' title="bbox 700 1486 4282 1693">
     <span class='ocr_line' id='line_1_5' title="bbox 957 1486 4282 1576; baseline 0.002 -22"><span class='ocrx_word' id='word_1_24' title='bbox 957 1486 1533 1570; x_wconf 67' lang='lat' dir='ltr'><strong>metaplasmus</strong></span> <span class='ocrx_word' id='word_1_25' title='bbox 1581 1494 1707 1554; x_wconf 88' lang='lat' dir='ltr'><strong>est</strong></span> <span class='ocrx_word' id='word_1_26' title='bbox 1749 1488 2377 1556; x_wconf 80' lang='lat' dir='ltr'><strong>transformatio</strong></span> <span class='ocrx_word' id='word_1_27' title='bbox 2424 1492 2739 1574; x_wconf 80' lang='lat' dir='ltr'><strong>quaedam</strong></span> <span class='ocrx_word' id='word_1_28' title='bbox 2783 1491 2940 1557; x_wconf 88' lang='lat' dir='ltr'><strong>recti</strong></span> <span class='ocrx_word' id='word_1_29' title='bbox 2985 1491 3306 1574; x_wconf 90' lang='lat' dir='ltr'><strong>solutique</strong></span> <span class='ocrx_word' id='word_1_30' title='bbox 3350 1493 3665 1559; x_wconf 88' lang='lat' dir='ltr'><strong>sermonis</strong></span> <span class='ocrx_word' id='word_1_31' title='bbox 3709 1493 3774 1558; x_wconf 91' lang='lat' dir='ltr'><strong>in</strong></span> <span class='ocrx_word' id='word_1_32' title='bbox 3820 1492 4090 1559; x_wconf 88' lang='lat' dir='ltr'><strong>alteram</strong></span> <span class='ocrx_word' id='word_1_33' title='bbox 4137 1511 4282 1576; x_wconf 88' lang='lat' dir='ltr'><strong>spe-</strong></span> 
     </span>
     <span class='ocr_line' id='line_1_6' title="bbox 700 1606 2735 1693; baseline 0.001 -19"><span class='ocrx_word' id='word_1_34' title='bbox 700 1610 861 1674; x_wconf 77' lang='lat' dir='ltr'><strong>eiem</strong></span> <span class='ocrx_word' id='word_1_35' title='bbox 905 1610 1089 1674; x_wconf 81' lang='lat' dir='ltr'><strong>metri</strong></span> <span class='ocrx_word' id='word_1_36' title='bbox 1137 1614 1249 1670; x_wconf 83' lang='lat' dir='ltr'><strong>sut</strong></span> <span class='ocrx_word' id='word_1_37' title='bbox 1293 1606 1541 1670; x_wconf 78' lang='lat' dir='ltr'><strong>deseris</strong></span> <span class='ocrx_word' id='word_1_38' title='bbox 1585 1625 1783 1673; x_wconf 85' lang='lat' dir='ltr'><strong>causa</strong></span> <span class='ocrx_word' id='word_1_39' title='bbox 1825 1608 2224 1691; x_wconf 76' lang='lat' dir='ltr'><strong>figurata²⁸&gt;</strong></span> <span class='ocrx_word' id='word_1_40' title='bbox 2270 1611 2444 1693; x_wconf 87' lang='lat'>(440,</span> <span class='ocrx_word' id='word_1_41' title='bbox 2475 1611 2558 1676; x_wconf 83' lang='lat'><strong>28</strong></span> <span class='ocrx_word' id='word_1_42' title='bbox 2586 1612 2735 1693; x_wconf 87' lang='lat' dir='ltr'><strong>sq.).</strong></span> 
     </span>
    </p>

    <p class='ocr_par' dir='ltr' id='par_1_5' title="bbox 957 1726 3830 1816">
     <span class='ocr_line' id='line_1_7' title="bbox 957 1726 3830 1816; baseline 0.002 -26"><span class='ocrx_word' id='word_1_43' title='bbox 957 1726 1441 1790; x_wconf 81' lang='lat' dir='ltr'><strong>Prssthesis</strong></span> <span class='ocrx_word' id='word_1_44' title='bbox 1489 1732 1606 1792; x_wconf 84' lang='lat' dir='ltr'><strong>est</strong></span> <span class='ocrx_word' id='word_1_45' title='bbox 1650 1727 2060 1810; x_wconf 83' lang='lat' dir='ltr'><strong>adpositio</strong></span> <span class='ocrx_word' id='word_1_46' title='bbox 2106 1729 2422 1810; x_wconf 78' lang='lat' dir='ltr'><strong>quaedam</strong></span> <span class='ocrx_word' id='word_1_47' title='bbox 2468 1729 2553 1794; x_wconf 89' lang='lat' dir='ltr'><strong>ad</strong></span> <span class='ocrx_word' id='word_1_48' title='bbox 2597 1729 2976 1812; x_wconf 87' lang='lat' dir='ltr'><strong>principium</strong></span> <span class='ocrx_word' id='word_1_49' title='bbox 3023 1728 3320 1795; x_wconf 87' lang='lat' dir='ltr'><strong>dictionis</strong></span> <span class='ocrx_word' id='word_1_50' title='bbox 3367 1728 3541 1814; x_wconf 87' lang='lat'>(440,</span> <span class='ocrx_word' id='word_1_51' title='bbox 3570 1731 3655 1797; x_wconf 83' lang='lat'><strong>33</strong></span> <span class='ocrx_word' id='word_1_52' title='bbox 3688 1731 3830 1816; x_wconf 87' lang='lat' dir='ltr'><strong>sq.).</strong></span> 
     </span>
    </p>

    <p class='ocr_par' dir='ltr' id='par_1_6' title="bbox 700 1846 4287 2050">
     <span class='ocr_line' id='line_1_8' title="bbox 961 1846 4287 1934; baseline 0.003 -25"><span class='ocrx_word' id='word_1_53' title='bbox 961 1846 1461 1926; x_wconf 64' lang='lat' dir='ltr'><strong>aphaeresis</strong></span> <span class='ocrx_word' id='word_1_54' title='bbox 1521 1855 1642 1912; x_wconf 83' lang='lat' dir='ltr'><strong>est</strong></span> <span class='ocrx_word' id='word_1_55' title='bbox 1698 1846 2019 1913; x_wconf 89' lang='lat' dir='ltr'><strong>ablatio</strong></span> <span class='ocrx_word' id='word_1_56' title='bbox 2080 1848 2160 1912; x_wconf 90' lang='lat' dir='ltr'><strong>de</strong></span> <span class='ocrx_word' id='word_1_57' title='bbox 2204 1848 2517 1930; x_wconf 89' lang='lat' dir='ltr'><strong>principio</strong></span> <span class='ocrx_word' id='word_1_58' title='bbox 2563 1848 2858 1914; x_wconf 87' lang='lat' dir='ltr'><strong>dictionis</strong></span> <span class='ocrx_word' id='word_1_59' title='bbox 2903 1849 3225 1915; x_wconf 89' lang='lat' dir='ltr'><strong>contraria</strong></span> <span class='ocrx_word' id='word_1_60' title='bbox 3278 1849 3633 1932; x_wconf 86' lang='lat' dir='ltr'><strong>prosthesi,</strong></span> <span class='ocrx_word' id='word_1_61' title='bbox 3695 1849 3869 1934; x_wconf 89' lang='lat' dir='ltr'><strong>[cum</strong></span> <span class='ocrx_word' id='word_1_62' title='bbox 3913 1856 4027 1916; x_wconf 90' lang='lat' dir='ltr'><strong>aut</strong></span> <span class='ocrx_word' id='word_1_63' title='bbox 4069 1851 4287 1919; x_wconf 88' lang='lat' dir='ltr'><strong>littera</strong></span> 
     </span>
     <span class='ocr_line' id='line_1_9' title="bbox 700 1966 2396 2050; baseline 0 -18"><span class='ocrx_word' id='word_1_64' title='bbox 700 1970 1069 2050; x_wconf 80' lang='lat' dir='ltr'><strong>amputatur</strong></span> <span class='ocrx_word' id='word_1_65' title='bbox 1117 1970 1225 2030; x_wconf 80' lang='lat' dir='ltr'><strong>sut</strong></span> <span class='ocrx_word' id='word_1_66' title='bbox 1269 1966 1521 2046; x_wconf 74' lang='lat' dir='ltr'><strong>syllaba</strong></span> <span class='ocrx_word' id='word_1_67' title='bbox 1565 1966 1880 2050; x_wconf 83' lang='lat' dir='ltr'><strong>aufertur]</strong></span> <span class='ocrx_word' id='word_1_68' title='bbox 1928 1968 2106 2049; x_wconf 88' lang='lat'>(441,</span> <span class='ocrx_word' id='word_1_69' title='bbox 2134 1968 2219 2032; x_wconf 91' lang='grc'><strong>22</strong></span> <span class='ocrx_word' id='word_1_70' title='bbox 2254 1970 2396 2049; x_wconf 89' lang='lat' dir='ltr'><strong>sq.).</strong></span> 
     </span>
    </p>

    <p class='ocr_par' dir='ltr' id='par_1_7' title="bbox 961 2082 3671 2173">
     <span class='ocr_line' id='line_1_10' title="bbox 961 2082 3671 2173; baseline 0.003 -23"><span class='ocrx_word' id='word_1_71' title='bbox 961 2086 1317 2166; x_wconf 65' lang='lat' dir='ltr'><strong>Synesps</strong></span> <span class='ocrx_word' id='word_1_72' title='bbox 1362 2090 1489 2150; x_wconf 78' lang='lat' dir='ltr'><strong>est</strong></span> <span class='ocrx_word' id='word_1_73' title='bbox 1533 2083 1843 2150; x_wconf 82' lang='lat' dir='ltr'><strong>ablatio</strong></span> <span class='ocrx_word' id='word_1_74' title='bbox 1889 2085 1970 2150; x_wconf 89' lang='lat' dir='ltr'><strong>de</strong></span> <span class='ocrx_word' id='word_1_75' title='bbox 2012 2085 2226 2150; x_wconf 89' lang='lat' dir='ltr'><strong>media</strong></span> <span class='ocrx_word' id='word_1_76' title='bbox 2271 2085 2548 2151; x_wconf 87' lang='lat' dir='ltr'><strong>dictione</strong></span> <span class='ocrx_word' id='word_1_77' title='bbox 2592 2082 2914 2152; x_wconf 88' lang='lat' dir='ltr'><strong>contraria</strong></span> <span class='ocrx_word' id='word_1_78' title='bbox 2956 2086 3290 2169; x_wconf 89' lang='lat' dir='ltr'><strong>epenthesi</strong></span> <span class='ocrx_word' id='word_1_79' title='bbox 3333 2088 3507 2171; x_wconf 90' lang='lat'>(441,</span> <span class='ocrx_word' id='word_1_80' title='bbox 3535 2087 3671 2173; x_wconf 84' lang='grc'>27).</span> 
     </span>
    </p>

    <p class='ocr_par' dir='ltr' id='par_1_8' title="bbox 704 2202 4283 2407">
     <span class='ocr_line' id='line_1_11' title="bbox 961 2202 4283 2291; baseline 0.002 -25"><span class='ocrx_word' id='word_1_81' title='bbox 961 2206 1333 2286; x_wconf 73' lang='lat' dir='ltr'><strong>Apseepe</strong></span> <span class='ocrx_word' id='word_1_82' title='bbox 1381 2210 1501 2266; x_wconf 84' lang='lat' dir='ltr'><strong>est</strong></span> <span class='ocrx_word' id='word_1_83' title='bbox 1545 2203 1857 2269; x_wconf 88' lang='lat' dir='ltr'><strong>ablatio</strong></span> <span class='ocrx_word' id='word_1_84' title='bbox 1902 2205 1984 2269; x_wconf 87' lang='lat' dir='ltr'><strong>de</strong></span> <span class='ocrx_word' id='word_1_85' title='bbox 2025 2202 2153 2269; x_wconf 90' lang='lat' dir='ltr'><strong>fine</strong></span> <span class='ocrx_word' id='word_1_86' title='bbox 2198 2204 2497 2270; x_wconf 86' lang='lat' dir='ltr'><strong>dictionis</strong></span> <span class='ocrx_word' id='word_1_87' title='bbox 2540 2205 3021 2287; x_wconf 87' lang='lat' dir='ltr'><strong>prosparalepsi</strong></span> <span class='ocrx_word' id='word_1_88' title='bbox 3065 2206 3166 2271; x_wconf 87' lang='lat' dir='ltr'><strong>vel</strong></span> <span class='ocrx_word' id='word_1_89' title='bbox 3210 2225 3540 2290; x_wconf 74' lang='lat' dir='ltr'><strong>paragoge</strong></span> <span class='ocrx_word' id='word_1_90' title='bbox 3584 2207 3921 2288; x_wconf 88' lang='lat' dir='ltr'><strong>contraria,</strong></span> <span class='ocrx_word' id='word_1_91' title='bbox 3967 2206 4139 2291; x_wconf 89' lang='lat' dir='ltr'><strong>[cum</strong></span> <span class='ocrx_word' id='word_1_92' title='bbox 4169 2211 4283 2272; x_wconf 88' lang='lat' dir='ltr'><strong>aut</strong></span> 
     </span>
     <span class='ocr_line' id='line_1_12' title="bbox 704 2322 2190 2407; baseline 0.002 -21"><span class='ocrx_word' id='word_1_93' title='bbox 704 2325 921 2386; x_wconf 81' lang='lat' dir='ltr'><strong>litters.</strong></span> <span class='ocrx_word' id='word_1_94' title='bbox 969 2322 1329 2386; x_wconf 75' lang='lat' dir='ltr'><strong>detrahitur</strong></span> <span class='ocrx_word' id='word_1_95' title='bbox 1373 2330 1485 2386; x_wconf 77' lang='lat' dir='ltr'><strong>sut</strong></span> <span class='ocrx_word' id='word_1_96' title='bbox 1529 2322 1805 2406; x_wconf 80' lang='lat' dir='ltr'><strong>syllaba]</strong></span> <span class='ocrx_word' id='word_1_97' title='bbox 1853 2325 2025 2404; x_wconf 90' lang='lat'>(441,</span> <span class='ocrx_word' id='word_1_98' title='bbox 2056 2324 2190 2407; x_wconf 86' lang='lat'>31).</span> 
     </span>
    </p>

    <p class='ocr_par' dir='ltr' id='par_1_9' title="bbox 704 2434 4283 2645">
     <span class='ocr_line' id='line_1_13' title="bbox 961 2434 4283 2528; baseline 0.002 -22"><span class='ocrx_word' id='word_1_99' title='bbox 961 2442 1289 2522; x_wconf 64' lang='lat' dir='ltr'><strong>systole</strong></span> <span class='ocrx_word' id='word_1_100' title='bbox 1337 2448 1457 2506; x_wconf 82' lang='lat' dir='ltr'><strong>est</strong></span> <span class='ocrx_word' id='word_1_101' title='bbox 1501 2442 1916 2523; x_wconf 75' lang='lat' dir='ltr'><strong>correptio</strong></span> <span class='ocrx_word' id='word_1_102' title='bbox 1961 2442 2284 2507; x_wconf 86' lang='lat' dir='ltr'><strong>contraria</strong></span> <span class='ocrx_word' id='word_1_103' title='bbox 2327 2434 2548 2508; x_wconf 60' lang='lat' dir='ltr'><strong>ectasiss</strong></span> <span class='ocrx_word' id='word_1_104' title='bbox 2607 2442 2710 2527; x_wconf 88' lang='lat' dir='ltr'><strong>[fit</strong></span> <span class='ocrx_word' id='word_1_105' title='bbox 2738 2448 2954 2508; x_wconf 88' lang='lat' dir='ltr'><strong>autem</strong></span> <span class='ocrx_word' id='word_1_106' title='bbox 2992 2461 3134 2509; x_wconf 89' lang='lat' dir='ltr'><strong>cum</strong></span> <span class='ocrx_word' id='word_1_107' title='bbox 3168 2445 3361 2528; x_wconf 86' lang='lat' dir='ltr'><strong>longa</strong></span> <span class='ocrx_word' id='word_1_108' title='bbox 3407 2444 3659 2528; x_wconf 85' lang='lat' dir='ltr'><strong>syllaba</strong></span> <span class='ocrx_word' id='word_1_109' title='bbox 3702 2451 3926 2512; x_wconf 87' lang='lat' dir='ltr'><strong>contra</strong></span> <span class='ocrx_word' id='word_1_110' title='bbox 3967 2445 4283 2512; x_wconf 87' lang='lat' dir='ltr'><strong>rationem</strong></span> 
     </span>
     <span class='ocr_line' id='line_1_14' title="bbox 704 2559 2420 2645; baseline 0 -19"><span class='ocrx_word' id='word_1_111' title='bbox 704 2562 1049 2642; x_wconf 68' lang='lat' dir='ltr'><strong>corripitur</strong></span> <span class='ocrx_word' id='word_1_112' title='bbox 1093 2562 1305 2642; x_wconf 85' lang='lat' dir='ltr'><strong>sliqus</strong></span> <span class='ocrx_word' id='word_1_113' title='bbox 1349 2559 1736 2626; x_wconf 78' lang='lat' dir='ltr'><strong>sesessitate</strong></span> <span class='ocrx_word' id='word_1_114' title='bbox 1781 2561 2079 2645; x_wconf 82' lang='lat' dir='ltr'><strong>cogente]</strong></span> <span class='ocrx_word' id='word_1_115' title='bbox 2125 2562 2300 2643; x_wconf 83' lang='lat'>(442,</span> <span class='ocrx_word' id='word_1_116' title='bbox 2329 2562 2420 2635; x_wconf 80' lang='grc' dir='ltr'><strong>ὃ).</strong></span> 
     </span>
    </p>

    <p class='ocr_par' dir='ltr' id='par_1_10' title="bbox 969 2678 3544 2766">
     <span class='ocr_line' id='line_1_15' title="bbox 969 2678 3544 2766; baseline 0.002 -24"><span class='ocrx_word' id='word_1_117' title='bbox 969 2678 1385 2742; x_wconf 80' lang='lat' dir='ltr'><strong>Diseresis</strong></span> <span class='ocrx_word' id='word_1_118' title='bbox 1437 2686 1552 2743; x_wconf 81' lang='lat' dir='ltr'><strong>est</strong></span> <span class='ocrx_word' id='word_1_119' title='bbox 1597 2679 1987 2745; x_wconf 86' lang='lat' dir='ltr'><strong>discissio</strong></span> <span class='ocrx_word' id='word_1_120' title='bbox 2033 2680 2321 2762; x_wconf 87' lang='lat' dir='ltr'><strong>syllabae</strong></span> <span class='ocrx_word' id='word_1_121' title='bbox 2367 2681 2554 2745; x_wconf 87' lang='lat' dir='ltr'><strong>unius</strong></span> <span class='ocrx_word' id='word_1_122' title='bbox 2598 2681 2665 2745; x_wconf 92' lang='lat' dir='ltr'><strong>in</strong></span> <span class='ocrx_word' id='word_1_123' title='bbox 2711 2681 2873 2746; x_wconf 88' lang='lat' dir='ltr'><strong>duas</strong></span> <span class='ocrx_word' id='word_1_124' title='bbox 2918 2681 3163 2747; x_wconf 87' lang='lat' dir='ltr'><strong>divisae</strong></span> <span class='ocrx_word' id='word_1_125' title='bbox 3206 2682 3544 2766; x_wconf 91' lang='grc'>(442,11).</span> 
     </span>
    </p>

    <p class='ocr_par' dir='ltr' id='par_1_11' title="bbox 708 2798 4291 3002">
     <span class='ocr_line' id='line_1_16' title="bbox 965 2798 4291 2888; baseline 0.002 -26"><span class='ocrx_word' id='word_1_126' title='bbox 965 2798 1564 2882; x_wconf 65' lang='lat' dir='ltr'><strong>Episynsliphe</strong></span> <span class='ocrx_word' id='word_1_127' title='bbox 1611 2804 1740 2864; x_wconf 88' lang='lat' dir='ltr'><strong>est</strong></span> <span class='ocrx_word' id='word_1_128' title='bbox 1783 2798 2384 2881; x_wconf 84' lang='lat' dir='ltr'><strong>conglutinatio</strong></span> <span class='ocrx_word' id='word_1_129' title='bbox 2442 2817 2559 2864; x_wconf 85' lang='lat' dir='ltr'><strong>seu</strong></span> <span class='ocrx_word' id='word_1_130' title='bbox 2603 2799 2951 2864; x_wconf 84' lang='lat' dir='ltr'><strong>contractio</strong></span> <span class='ocrx_word' id='word_1_131' title='bbox 2996 2799 3266 2865; x_wconf 89' lang='lat' dir='ltr'><strong>duarum</strong></span> <span class='ocrx_word' id='word_1_132' title='bbox 3311 2800 3700 2883; x_wconf 85' lang='lat' dir='ltr'><strong>syllabarum</strong></span> <span class='ocrx_word' id='word_1_133' title='bbox 3743 2801 3811 2868; x_wconf 90' lang='lat' dir='ltr'><strong>in</strong></span> <span class='ocrx_word' id='word_1_134' title='bbox 3855 2822 4047 2870; x_wconf 89' lang='lat' dir='ltr'><strong>unam</strong></span> <span class='ocrx_word' id='word_1_135' title='bbox 4095 2804 4291 2888; x_wconf 85' lang='lat' dir='ltr'><strong>sylla-</strong></span> 
     </span>
     <span class='ocr_line' id='line_1_17' title="bbox 708 2917 2701 3002; baseline 0.001 -20"><span class='ocrx_word' id='word_1_136' title='bbox 708 2918 853 2982; x_wconf 75' lang='lat' dir='ltr'><strong>bste</strong></span> <span class='ocrx_word' id='word_1_137' title='bbox 901 2918 1073 2982; x_wconf 76' lang='lat' dir='ltr'><strong>fests.</strong></span> <span class='ocrx_word' id='word_1_138' title='bbox 1117 2918 1441 2982; x_wconf 73' lang='lat' dir='ltr'><strong>centraria</strong></span> <span class='ocrx_word' id='word_1_139' title='bbox 1485 2917 1821 2999; x_wconf 74' lang='lat' dir='ltr'><strong>synaliphe</strong></span> <span class='ocrx_word' id='word_1_140' title='bbox 1867 2917 1964 3000; x_wconf 87' lang='lat'><strong>(1.:</strong></span> <span class='ocrx_word' id='word_1_141' title='bbox 2012 2918 2316 3000; x_wconf 85' lang='lat' dir='ltr'><strong>diaeresi)</strong></span> <span class='ocrx_word' id='word_1_142' title='bbox 2363 2918 2539 3002; x_wconf 82' lang='lat'>(442,</span> <span class='ocrx_word' id='word_1_143' title='bbox 2569 2918 2701 3001; x_wconf 91' lang='grc'>20).</span> 
     </span>
    </p>

    <p class='ocr_par' dir='ltr' id='par_1_12' title="bbox 712 3036 4294 3241">
     <span class='ocr_line' id='line_1_18' title="bbox 969 3036 4294 3124; baseline 0.001 -22"><span class='ocrx_word' id='word_1_144' title='bbox 969 3038 1429 3118; x_wconf 80' lang='lat' dir='ltr'><strong>Eethlipsis</strong></span> <span class='ocrx_word' id='word_1_145' title='bbox 1477 3042 1599 3102; x_wconf 83' lang='lat' dir='ltr'><strong>est</strong></span> <span class='ocrx_word' id='word_1_146' title='bbox 1643 3036 1982 3103; x_wconf 88' lang='lat' dir='ltr'><strong>conlisio</strong></span> <span class='ocrx_word' id='word_1_147' title='bbox 2026 3038 2342 3119; x_wconf 85' lang='lat' dir='ltr'><strong>quaedam</strong></span> <span class='ocrx_word' id='word_1_148' title='bbox 2375 3036 2651 3105; x_wconf 84' lang='lat' dir='ltr'><strong>difficilis</strong></span> <span class='ocrx_word' id='word_1_149' title='bbox 2685 3055 2762 3104; x_wconf 91' lang='lat' dir='ltr'><strong>ac</strong></span> <span class='ocrx_word' id='word_1_150' title='bbox 2800 3038 2963 3103; x_wconf 88' lang='lat' dir='ltr'><strong>dura</strong></span> <span class='ocrx_word' id='word_1_151' title='bbox 2999 3040 3486 3105; x_wconf 86' lang='lat' dir='ltr'><strong>consonantium</strong></span> <span class='ocrx_word' id='word_1_152' title='bbox 3522 3059 3665 3107; x_wconf 91' lang='lat' dir='ltr'><strong>cum</strong></span> <span class='ocrx_word' id='word_1_153' title='bbox 3700 3040 4027 3108; x_wconf 85' lang='lat' dir='ltr'><strong>vocalibus</strong></span> <span class='ocrx_word' id='word_1_154' title='bbox 4061 3059 4294 3124; x_wconf 86' lang='lat' dir='ltr'><strong>aspere</strong></span> 
     </span>
     <span class='ocr_line' id='line_1_19' title="bbox 712 3157 1610 3241; baseline 0 -19"><span class='ocrx_word' id='word_1_155' title='bbox 712 3158 1225 3222; x_wconf 72' lang='lat' dir='ltr'><strong>eeseurrsstium</strong></span> <span class='ocrx_word' id='word_1_156' title='bbox 1273 3158 1449 3238; x_wconf 69' lang='grc'>(442,</span> <span class='ocrx_word' id='word_1_157' title='bbox 1481 3157 1610 3241; x_wconf 69' lang='grc' dir='ltr'><strong>Ξῧ).</strong></span> 
     </span>
    </p>

    <p class='ocr_par' dir='ltr' id='par_1_13' title="bbox 712 3274 4290 3474">
     <span class='ocr_line' id='line_1_20' title="bbox 969 3274 4290 3371; baseline -0 -33"><span class='ocrx_word' id='word_1_158' title='bbox 969 3278 1209 3338; x_wconf 77' lang='lat' dir='ltr'><strong>Omnes</strong></span> <span class='ocrx_word' id='word_1_159' title='bbox 1253 3274 1373 3342; x_wconf 82' lang='lat' dir='ltr'><strong>hss</strong></span> <span class='ocrx_word' id='word_1_160' title='bbox 1421 3274 1820 3342; x_wconf 79' lang='lat' dir='ltr'><strong>definitiones</strong></span> <span class='ocrx_word' id='word_1_161' title='bbox 1865 3275 1950 3341; x_wconf 89' lang='lat' dir='ltr'><strong>ad</strong></span> <span class='ocrx_word' id='word_1_162' title='bbox 1993 3295 2184 3342; x_wconf 91' lang='lat' dir='ltr'><strong>unam</strong></span> <span class='ocrx_word' id='word_1_163' title='bbox 2227 3278 2622 3356; x_wconf 89' lang='lat' dir='ltr'><strong>eandemque</strong></span> <span class='ocrx_word' id='word_1_164' title='bbox 2665 3274 2935 3339; x_wconf 87' lang='lat' dir='ltr'><strong>formam</strong></span> <span class='ocrx_word' id='word_1_165' title='bbox 2980 3274 3185 3371; x_wconf 88' lang='lat' dir='ltr'><strong>factas</strong></span> <span class='ocrx_word' id='word_1_166' title='bbox 3231 3294 3378 3340; x_wconf 87' lang='lat' dir='ltr'><strong>esse</strong></span> <span class='ocrx_word' id='word_1_167' title='bbox 3421 3295 3545 3339; x_wconf 93' lang='lat' dir='ltr'><strong>non</strong></span> <span class='ocrx_word' id='word_1_168' title='bbox 3591 3275 3886 3355; x_wconf 86' lang='lat' dir='ltr'><strong>negabis;</strong></span> <span class='ocrx_word' id='word_1_169' title='bbox 3932 3291 4080 3338; x_wconf 91' lang='lat' dir='ltr'><strong>nam</strong></span> <span class='ocrx_word' id='word_1_170' title='bbox 4125 3291 4290 3354; x_wconf 89' lang='lat' dir='ltr'><strong>quae</strong></span> 
     </span>
     <span class='ocr_line' id='line_1_21' title="bbox 712 3389 4290 3474; baseline -0 -16"><span class='ocrx_word' id='word_1_171' title='bbox 712 3394 893 3458; x_wconf 76' lang='lat' dir='ltr'><strong>unsis</strong></span> <span class='ocrx_word' id='word_1_172' title='bbox 925 3394 1169 3474; x_wconf 71' lang='lat' dir='ltr'><strong>ieelusi=</strong></span> <span class='ocrx_word' id='word_1_173' title='bbox 1217 3414 1293 3458; x_wconf 86' lang='lat' dir='ltr'><strong>es</strong></span> <span class='ocrx_word' id='word_1_174' title='bbox 1341 3395 1595 3462; x_wconf 80' lang='lat' dir='ltr'><strong>aliunde</strong></span> <span class='ocrx_word' id='word_1_175' title='bbox 1640 3396 1865 3462; x_wconf 90' lang='lat' dir='ltr'><strong>addita</strong></span> <span class='ocrx_word' id='word_1_176' title='bbox 1910 3413 2058 3461; x_wconf 91' lang='lat' dir='ltr'><strong>esse</strong></span> <span class='ocrx_word' id='word_1_177' title='bbox 2101 3394 2266 3459; x_wconf 90' lang='lat' dir='ltr'><strong>infra</strong></span> <span class='ocrx_word' id='word_1_178' title='bbox 2304 3389 2671 3474; x_wconf 82' lang='lat' dir='ltr'><strong>apparebit3</strong></span> <span class='ocrx_word' id='word_1_179' title='bbox 2718 3409 2883 3471; x_wconf 89' lang='lat' dir='ltr'><strong>quae</strong></span> <span class='ocrx_word' id='word_1_180' title='bbox 2914 3392 2969 3455; x_wconf 88' lang='lat' dir='ltr'><strong>si</strong></span> <span class='ocrx_word' id='word_1_181' title='bbox 3001 3392 3313 3470; x_wconf 76' lang='lat' dir='ltr'><strong>omiseris„</strong></span> <span class='ocrx_word' id='word_1_182' title='bbox 3358 3391 3589 3470; x_wconf 91' lang='lat' dir='ltr'><strong>ubique</strong></span> <span class='ocrx_word' id='word_1_183' title='bbox 3619 3393 3885 3457; x_wconf 89' lang='lat' dir='ltr'><strong>eandem</strong></span> <span class='ocrx_word' id='word_1_184' title='bbox 3916 3390 4290 3457; x_wconf 86' lang='lat' dir='ltr'><strong>observabis</strong></span> 
     </span>
    </p>
   </div>
   <div class='ocr_carea' id='block_1_4' title="bbox 712 3514 3661 3707">
    <p class='ocr_par' dir='ltr' id='par_1_14' title="bbox 712 3514 3661 3707">
     <span class='ocr_line' id='line_1_22' title="bbox 712 3514 1409 3578; baseline 0 0"><span class='ocrx_word' id='word_1_185' title='bbox 712 3530 1003 3578; x_wconf 72' lang='lat' dir='ltr'><strong>uermes}</strong></span> <span class='ocrx_word' id='word_1_186' title='bbox 1049 3514 1409 3578; x_wconf 79' lang='lat' dir='ltr'><strong>definiendi.</strong></span> 
     </span>
     <span class='ocr_line' id='line_1_23' title="bbox 973 3623 3661 3707; baseline -0 -13"><span class='ocrx_word' id='word_1_187' title='bbox 973 3634 1105 3698; x_wconf 80' lang='lat' dir='ltr'><strong>Iam</strong></span> <span class='ocrx_word' id='word_1_188' title='bbox 1153 3634 1297 3698; x_wconf 73' lang='lat' dir='ltr'><strong>ride</strong></span> <span class='ocrx_word' id='word_1_189' title='bbox 1341 3634 1497 3698; x_wconf 76' lang='lat' dir='ltr'><strong>inihi</strong></span> <span class='ocrx_word' id='word_1_190' title='bbox 1545 3632 1942 3699; x_wconf 87' lang='lat' dir='ltr'><strong>definitiones</strong></span> <span class='ocrx_word' id='word_1_191' title='bbox 1987 3629 2179 3691; x_wconf 87' lang='lat' dir='ltr'><strong>hasce</strong></span> <span class='ocrx_word' id='word_1_192' title='bbox 2223 3623 2305 3687; x_wconf 89' lang='lat' dir='ltr'><strong>ad</strong></span> <span class='ocrx_word' id='word_1_193' title='bbox 2351 3641 2620 3704; x_wconf 88' lang='lat' dir='ltr'><strong>prorsus</strong></span> <span class='ocrx_word' id='word_1_194' title='bbox 2664 3625 2988 3689; x_wconf 85' lang='lat' dir='ltr'><strong>diversam</strong></span> <span class='ocrx_word' id='word_1_195' title='bbox 3031 3623 3299 3690; x_wconf 88' lang='lat' dir='ltr'><strong>formam</strong></span> <span class='ocrx_word' id='word_1_196' title='bbox 3344 3625 3661 3707; x_wconf 86' lang='lat' dir='ltr'><strong>prolatas:</strong></span> 
     </span>
    </p>
   </div>
   <div class='ocr_carea' id='block_1_5' title="bbox 716 3741 4296 3954">
    <p class='ocr_par' dir='ltr' id='par_1_15' title="bbox 716 3741 4296 3954">
     <span class='ocr_line' id='line_1_24' title="bbox 973 3741 4296 3834; baseline -0.001 -20"><span class='ocrx_word' id='word_1_197' title='bbox 973 3750 1477 3834; x_wconf 80' lang='lat' dir='ltr'><strong>Epeetheeis</strong></span> <span class='ocrx_word' id='word_1_198' title='bbox 1537 3755 1663 3817; x_wconf 88' lang='lat' dir='ltr'><strong>est</strong></span> <span class='ocrx_word' id='word_1_199' title='bbox 1722 3742 2259 3831; x_wconf 78' lang='lat' dir='ltr'><strong>[adpositio]2⁹),</strong></span> <span class='ocrx_word' id='word_1_200' title='bbox 2317 3760 2482 3808; x_wconf 86' lang='lat' dir='ltr'><strong>cum</strong></span> <span class='ocrx_word' id='word_1_201' title='bbox 2541 3741 2712 3809; x_wconf 85' lang='lat' dir='ltr'><strong>inter</strong></span> <span class='ocrx_word' id='word_1_202' title='bbox 2767 3742 3038 3825; x_wconf 88' lang='lat' dir='ltr'><strong>primam</strong></span> <span class='ocrx_word' id='word_1_203' title='bbox 3097 3749 3164 3810; x_wconf 92' lang='lat' dir='ltr'><strong>et</strong></span> <span class='ocrx_word' id='word_1_204' title='bbox 3221 3744 3507 3812; x_wconf 89' lang='lat' dir='ltr'><strong>ultimam</strong></span> <span class='ocrx_word' id='word_1_205' title='bbox 3568 3747 3880 3830; x_wconf 85' lang='lat' dir='ltr'><strong>syllabam</strong></span> <span class='ocrx_word' id='word_1_206' title='bbox 3924 3752 4038 3813; x_wconf 90' lang='lat' dir='ltr'><strong>aut</strong></span> <span class='ocrx_word' id='word_1_207' title='bbox 4079 3747 4296 3813; x_wconf 88' lang='lat' dir='ltr'><strong>littera</strong></span> 
     </span>
     <span class='ocr_line' id='line_1_25' title="bbox 716 3866 1784 3954; baseline -0.005 -20"><span class='ocrx_word' id='word_1_208' title='bbox 716 3870 997 3934; x_wconf 77' lang='lat' dir='ltr'><strong>sdieitur</strong></span> <span class='ocrx_word' id='word_1_209' title='bbox 1041 3878 1153 3934; x_wconf 79' lang='lat' dir='ltr'><strong>sut</strong></span> <span class='ocrx_word' id='word_1_210' title='bbox 1201 3870 1449 3954; x_wconf 68' lang='lat' dir='ltr'><strong>syllaba</strong></span> <span class='ocrx_word' id='word_1_211' title='bbox 1493 3868 1665 3946; x_wconf 72' lang='lat'>(441,</span> <span class='ocrx_word' id='word_1_212' title='bbox 1693 3866 1784 3947; x_wconf 88' lang='lat'><strong>5).</strong></span> 
     </span>
    </p>
   </div>
   <div class='ocr_carea' id='block_1_6' title="bbox 724 4030 1211 4034">
    <p class='ocr_par' dir='ltr' id='par_1_16' title="bbox 724 4030 1211 4034">
     <span class='ocr_line' id='line_1_26' title="bbox 724 4030 1211 4034; baseline 0 0"><span class='ocrx_word' id='word_1_213' title='bbox 724 4030 1211 4034; x_wconf 95' lang='lat' dir='ltr'><strong> </strong></span> 
     </span>
    </p>
   </div>
   <div class='ocr_carea' id='block_1_7' title="bbox 718 4121 4300 4402">
    <p class='ocr_par' dir='ltr' id='par_1_17' title="bbox 718 4121 4300 4402">
     <span class='ocr_line' id='line_1_27' title="bbox 981 4121 4300 4206; baseline -0.001 -23"><span class='ocrx_word' id='word_1_214' title='bbox 981 4130 1081 4206; x_wconf 67' lang='grc' dir='ltr'><strong>ΕΒ]</strong></span> <span class='ocrx_word' id='word_1_215' title='bbox 1133 4146 1345 4186; x_wconf 77' lang='lat' dir='ltr'><strong>nemen</strong></span> <span class='ocrx_word' id='word_1_216' title='bbox 1393 4121 1776 4200; x_wconf 75' lang='lat' dir='ltr'><strong>metaplasmi,</strong></span> <span class='ocrx_word' id='word_1_217' title='bbox 1821 4123 1885 4181; x_wconf 92' lang='lat' dir='ltr'><strong>in</strong></span> <span class='ocrx_word' id='word_1_218' title='bbox 1927 4123 2042 4182; x_wconf 88' lang='lat' dir='ltr'><strong>hac</strong></span> <span class='ocrx_word' id='word_1_219' title='bbox 2087 4121 2523 4198; x_wconf 81' lang='lat' dir='ltr'><strong>significatione</strong></span> <span class='ocrx_word' id='word_1_220' title='bbox 2566 4131 2945 4199; x_wconf 84' lang='lat' dir='ltr'><strong>usurpatum,</strong></span> <span class='ocrx_word' id='word_1_221' title='bbox 2990 4121 3244 4199; x_wconf 87' lang='lat' dir='ltr'><strong>primum</strong></span> <span class='ocrx_word' id='word_1_222' title='bbox 3289 4122 3435 4181; x_wconf 87' lang='lat' dir='ltr'><strong>mihi</strong></span> <span class='ocrx_word' id='word_1_223' title='bbox 3483 4122 3737 4183; x_wconf 85' lang='lat' dir='ltr'><strong>occurrit</strong></span> <span class='ocrx_word' id='word_1_224' title='bbox 3778 4123 3935 4199; x_wconf 86' lang='lat' dir='ltr'><strong>apud</strong></span> <span class='ocrx_word' id='word_1_225' title='bbox 3980 4121 4300 4187; x_wconf 82' lang='lat' dir='ltr'><strong>Quintilia-</strong></span> 
     </span>
     <span class='ocr_line' id='line_1_28' title="bbox 720 4218 4295 4302; baseline -0.002 -11"><span class='ocrx_word' id='word_1_226' title='bbox 720 4254 861 4290; x_wconf 80' lang='lat' dir='ltr'><strong>num</strong></span> <span class='ocrx_word' id='word_1_227' title='bbox 905 4230 953 4302; x_wconf 75' lang='grc' dir='ltr'><strong>Ι,</strong></span> <span class='ocrx_word' id='word_1_228' title='bbox 989 4234 1045 4302; x_wconf 70' lang='grc' dir='ltr'><strong>Β,</strong></span> <span class='ocrx_word' id='word_1_229' title='bbox 1085 4234 1189 4286; x_wconf 76' lang='grc'>14;</span> <span class='ocrx_word' id='word_1_230' title='bbox 1245 4218 1683 4302; x_wconf 64' lang='lat' dir='ltr'><strong>‘metaplasmos</strong></span> <span class='ocrx_word' id='word_1_231' title='bbox 1727 4226 1887 4285; x_wconf 88' lang='lat' dir='ltr'><strong>enim</strong></span> <span class='ocrx_word' id='word_1_232' title='bbox 1930 4230 1994 4284; x_wconf 88' lang='lat' dir='ltr'><strong>et</strong></span> <span class='ocrx_word' id='word_1_233' title='bbox 2036 4224 2481 4284; x_wconf 76' lang='lat' dir='ltr'><strong>schematismos</strong></span> <span class='ocrx_word' id='word_1_234' title='bbox 2526 4231 2588 4285; x_wconf 87' lang='lat' dir='ltr'><strong>et</strong></span> <span class='ocrx_word' id='word_1_235' title='bbox 2629 4224 2955 4296; x_wconf 84' lang='lat' dir='ltr'><strong>schemata,</strong></span> <span class='ocrx_word' id='word_1_236' title='bbox 3017 4229 3086 4284; x_wconf 83' lang='lat' dir='ltr'><strong>ut</strong></span> <span class='ocrx_word' id='word_1_237' title='bbox 3131 4225 3288 4298; x_wconf 84' lang='lat' dir='ltr'><strong>dixi,</strong></span> <span class='ocrx_word' id='word_1_238' title='bbox 3349 4244 3630 4287; x_wconf 82' lang='lat' dir='ltr'><strong>vocamus</strong></span> <span class='ocrx_word' id='word_1_239' title='bbox 3673 4229 3736 4283; x_wconf 84' lang='lat' dir='ltr'><strong>et</strong></span> <span class='ocrx_word' id='word_1_240' title='bbox 3776 4222 4011 4282; x_wconf 88' lang='lat' dir='ltr'><strong>laudem</strong></span> <span class='ocrx_word' id='word_1_241' title='bbox 4053 4224 4295 4285; x_wconf 76' lang='lat' dir='ltr'><strong>virtutis</strong></span> 
     </span>
     <span class='ocr_line' id='line_1_29' title="bbox 718 4317 4297 4402; baseline -0.001 -12"><span class='ocrx_word' id='word_1_242' title='bbox 718 4334 1053 4394; x_wconf 70' lang='lat' dir='ltr'><strong>necessitati</strong></span> <span class='ocrx_word' id='word_1_243' title='bbox 1121 4322 1369 4386; x_wconf 76' lang='lat' dir='ltr'><strong>demus¹.</strong></span> <span class='ocrx_word' id='word_1_244' title='bbox 1457 4328 1558 4386; x_wconf 82' lang='lat' dir='ltr'><strong>sed</strong></span> <span class='ocrx_word' id='word_1_245' title='bbox 1612 4327 1729 4388; x_wconf 84' lang='lat' dir='ltr'><strong>iam</strong></span> <span class='ocrx_word' id='word_1_246' title='bbox 1773 4328 1984 4388; x_wconf 87' lang='lat' dir='ltr'><strong>Verrio</strong></span> <span class='ocrx_word' id='word_1_247' title='bbox 2030 4327 2243 4402; x_wconf 76' lang='lat' dir='ltr'><strong>Flacco</strong></span> <span class='ocrx_word' id='word_1_248' title='bbox 2298 4327 2456 4387; x_wconf 91' lang='lat' dir='ltr'><strong>hanc</strong></span> <span class='ocrx_word' id='word_1_249' title='bbox 2512 4325 3007 4402; x_wconf 78' lang='lat' dir='ltr'><strong>significationem</strong></span> <span class='ocrx_word' id='word_1_250' title='bbox 3062 4332 3262 4386; x_wconf 79' lang='lat' dir='ltr'><strong>notam</strong></span> <span class='ocrx_word' id='word_1_251' title='bbox 3315 4327 3499 4385; x_wconf 83' lang='lat' dir='ltr'><strong>fuisse</strong></span> <span class='ocrx_word' id='word_1_252' title='bbox 3543 4324 3740 4386; x_wconf 82' lang='lat' dir='ltr'><strong>elucet</strong></span> <span class='ocrx_word' id='word_1_253' title='bbox 3784 4345 3861 4385; x_wconf 81' lang='lat' dir='ltr'><strong>ex</strong></span> <span class='ocrx_word' id='word_1_254' title='bbox 3901 4326 4031 4386; x_wconf 87' lang='lat' dir='ltr'><strong>his:</strong></span> <span class='ocrx_word' id='word_1_255' title='bbox 4089 4317 4297 4386; x_wconf 79' lang='lat' dir='ltr'><strong>‘Meta-</strong></span> 
     </span>
    </p>
   </div>
   <div class='ocr_carea' id='block_1_8' title="bbox 4800 1559 4804 3885">
    <p class='ocr_par' dir='ltr' id='par_1_18' title="bbox 4800 1559 4804 3885">
     <span class='ocr_line' id='line_1_30' title="bbox 4800 1559 4804 3885; baseline 0 0"><span class='ocrx_word' id='word_1_256' title='bbox 4800 1559 4804 3885; x_wconf 95' lang='lat' dir='ltr'><strong> </strong></span> 
     </span>
    </p>
   </div>
   <div class='ocr_carea' id='block_1_9' title="bbox 720 4427 4409 4512">
    <p class='ocr_par' dir='ltr' id='par_1_19' title="bbox 720 4427 4409 4512">
     <span class='ocr_line' id='line_1_31' title="bbox 720 4427 4409 4512; baseline -0.002 -17"><span class='ocrx_word' id='word_1_257' title='bbox 720 4434 1001 4510; x_wconf 66' lang='lat' dir='ltr'><strong>plestiees</strong></span> <span class='ocrx_word' id='word_1_258' title='bbox 1049 4430 1265 4490; x_wconf 74' lang='lat' dir='ltr'><strong>dieitur</strong></span> <span class='ocrx_word' id='word_1_259' title='bbox 1305 4430 1461 4506; x_wconf 74' lang='lat' dir='ltr'><strong>apud</strong></span> <span class='ocrx_word' id='word_1_260' title='bbox 1505 4436 1712 4506; x_wconf 75' lang='lat' dir='ltr'><strong>poetas</strong></span> <span class='ocrx_word' id='word_1_261' title='bbox 1753 4429 2028 4508; x_wconf 87' lang='lat' dir='ltr'><strong>usurpari</strong></span> <span class='ocrx_word' id='word_1_262' title='bbox 2069 4428 2149 4503; x_wconf 83' lang='lat' dir='ltr'><strong>id,</strong></span> <span class='ocrx_word' id='word_1_263' title='bbox 2196 4428 2354 4509; x_wconf 86' lang='lat' dir='ltr'><strong>quod</strong></span> <span class='ocrx_word' id='word_1_264' title='bbox 2398 4435 2645 4506; x_wconf 84' lang='lat' dir='ltr'><strong>propter</strong></span> <span class='ocrx_word' id='word_1_265' title='bbox 2686 4427 3103 4488; x_wconf 80' lang='lat' dir='ltr'><strong>necessitatem</strong></span> <span class='ocrx_word' id='word_1_266' title='bbox 3145 4428 3321 4488; x_wconf 88' lang='lat' dir='ltr'><strong>metri</strong></span> <span class='ocrx_word' id='word_1_267' title='bbox 3363 4433 3592 4488; x_wconf 75' lang='lat' dir='ltr'><strong>mutare</strong></span> <span class='ocrx_word' id='word_1_268' title='bbox 3638 4433 4091 4502; x_wconf 82' lang='lat' dir='ltr'><strong>consueverunt,</strong></span> <span class='ocrx_word' id='word_1_269' title='bbox 4137 4429 4299 4508; x_wconf 87' lang='lat' dir='ltr'><strong>quod</strong></span> <span class='ocrx_word' id='word_1_270' title='bbox 4405 4509 4409 4512; x_wconf 10' lang='grc' dir='ltr'>ὓ</span> 
     </span>
    </p>
   </div>
   <div class='ocr_carea' id='block_1_10' title="bbox 720 4523 4303 5018">
    <p class='ocr_par' dir='ltr' id='par_1_20' title="bbox 720 4523 4303 4798">
     <span class='ocr_line' id='line_1_32' title="bbox 724 4523 4303 4609; baseline -0.001 -15"><span class='ocrx_word' id='word_1_271' title='bbox 724 4538 865 4594; x_wconf 77' lang='lat' dir='ltr'><strong>item</strong></span> <span class='ocrx_word' id='word_1_272' title='bbox 925 4534 1325 4594; x_wconf 74' lang='lat' dir='ltr'><strong>barbarismus</strong></span> <span class='ocrx_word' id='word_1_273' title='bbox 1385 4534 1601 4594; x_wconf 73' lang='lat' dir='ltr'><strong>dieitur</strong></span> <span class='ocrx_word' id='word_1_274' title='bbox 1656 4533 1721 4592; x_wconf 90' lang='lat' dir='ltr'><strong>in</strong></span> <span class='ocrx_word' id='word_1_275' title='bbox 1765 4534 1962 4593; x_wconf 84' lang='lat' dir='ltr'><strong>soluta</strong></span> <span class='ocrx_word' id='word_1_276' title='bbox 2004 4531 2272 4590; x_wconf 87' lang='lat' dir='ltr'><strong>oratione</strong></span> <span class='ocrx_word' id='word_1_277' title='bbox 2317 4523 2786 4590; x_wconf 88' lang='lat' dir='ltr'><strong>conscribenda’.</strong></span> <span class='ocrx_word' id='word_1_278' title='bbox 2851 4530 3012 4590; x_wconf 82' lang='lat' dir='ltr'><strong>Fest.</strong></span> <span class='ocrx_word' id='word_1_279' title='bbox 3054 4549 3113 4606; x_wconf 90' lang='lat' dir='ltr'><strong>p.</strong></span> <span class='ocrx_word' id='word_1_280' title='bbox 3153 4533 3299 4601; x_wconf 80' lang='lat'>153;</span> <span class='ocrx_word' id='word_1_281' title='bbox 3365 4549 3543 4609; x_wconf 90' lang='lat' dir='ltr'><strong>quem</strong></span> <span class='ocrx_word' id='word_1_282' title='bbox 3583 4528 3778 4589; x_wconf 84' lang='lat' dir='ltr'><strong>locum</strong></span> <span class='ocrx_word' id='word_1_283' title='bbox 3821 4531 3971 4589; x_wconf 91' lang='lat' dir='ltr'><strong>mihi</strong></span> <span class='ocrx_word' id='word_1_284' title='bbox 4013 4530 4303 4590; x_wconf 83' lang='lat' dir='ltr'><strong>indicavit</strong></span> 
     </span>
     <span class='ocr_line' id='line_1_33' title="bbox 720 4623 4297 4714; baseline -0.002 -20"><span class='ocrx_word' id='word_1_285' title='bbox 720 4638 1137 4710; x_wconf 72' lang='lat' dir='ltr'><strong>Eiesslingius.</strong></span> <span class='ocrx_word' id='word_1_286' title='bbox 1181 4666 1265 4678; x_wconf 51' lang='lat'><strong>*-</strong></span> <span class='ocrx_word' id='word_1_287' title='bbox 1309 4638 1465 4714; x_wconf 71' lang='lat' dir='ltr'><strong>spus</strong></span> <span class='ocrx_word' id='word_1_288' title='bbox 1513 4635 1920 4710; x_wconf 69' lang='lat' dir='ltr'><strong>grammaticos</strong></span> <span class='ocrx_word' id='word_1_289' title='bbox 1961 4634 2350 4712; x_wconf 75' lang='lat' dir='ltr'><strong>rhetor-esque</strong></span> <span class='ocrx_word' id='word_1_290' title='bbox 2394 4651 2637 4708; x_wconf 82' lang='lat' dir='ltr'><strong>graecos</strong></span> <span class='ocrx_word' id='word_1_291' title='bbox 2680 4631 3051 4708; x_wconf 85' lang='lat' dir='ltr'><strong>metaplasmi</strong></span> <span class='ocrx_word' id='word_1_292' title='bbox 3094 4623 3270 4706; x_wconf 74' lang='grc' dir='ltr'><strong>πάθη</strong></span> <span class='ocrx_word' id='word_1_293' title='bbox 3312 4631 3413 4692; x_wconf 83' lang='lat' dir='ltr'><strong>vel</strong></span> <span class='ocrx_word' id='word_1_294' title='bbox 3455 4623 3721 4708; x_wconf 78' lang='grc' dir='ltr'><strong><em>σχήματα</em></strong></span> <span class='ocrx_word' id='word_1_295' title='bbox 3763 4632 3864 4694; x_wconf 83' lang='lat' dir='ltr'><strong>vel</strong></span> <span class='ocrx_word' id='word_1_296' title='bbox 3908 4628 4297 4709; x_wconf 73' lang='grc' dir='ltr'><strong><em>σχηματισμοί</em></strong></span> 
     </span>
     <span class='ocr_line' id='line_1_34' title="bbox 724 4738 1125 4798; baseline 0 0"><span class='ocrx_word' id='word_1_297' title='bbox 724 4738 1125 4798; x_wconf 76' lang='lat' dir='ltr'><strong>neminentur.</strong></span> 
     </span>
    </p>

    <p class='ocr_par' dir='ltr' id='par_1_21' title="bbox 728 4834 4303 5018">
     <span class='ocr_line' id='line_1_35' title="bbox 985 4834 4303 4918; baseline -0.002 -20"><span class='ocrx_word' id='word_1_298' title='bbox 985 4842 1089 4918; x_wconf 72' lang='lat'><strong>29)</strong></span> <span class='ocrx_word' id='word_1_299' title='bbox 1137 4862 1253 4898; x_wconf 81' lang='lat' dir='ltr'><strong>nen</strong></span> <span class='ocrx_word' id='word_1_300' title='bbox 1301 4846 1501 4902; x_wconf 63' lang='lat' dir='ltr'><strong>exstat</strong></span> <span class='ocrx_word' id='word_1_301' title='bbox 1555 4840 1712 4918; x_wconf 88' lang='lat' dir='ltr'><strong>apud</strong></span> <span class='ocrx_word' id='word_1_302' title='bbox 1759 4838 1984 4899; x_wconf 83' lang='lat' dir='ltr'><strong>Charis.</strong></span> <span class='ocrx_word' id='word_1_303' title='bbox 2039 4839 2115 4900; x_wconf 84' lang='lat' dir='ltr'><strong>cf.</strong></span> <span class='ocrx_word' id='word_1_304' title='bbox 2158 4838 2317 4898; x_wconf 85' lang='lat' dir='ltr'><strong>infra</strong></span> <span class='ocrx_word' id='word_1_305' title='bbox 2367 4837 2474 4896; x_wconf 85' lang='lat' dir='ltr'><strong>ubi</strong></span> <span class='ocrx_word' id='word_1_306' title='bbox 2518 4835 2851 4909; x_wconf 86' lang='lat' dir='ltr'><strong>Diomedis,</strong></span> <span class='ocrx_word' id='word_1_307' title='bbox 2910 4834 3162 4908; x_wconf 88' lang='lat' dir='ltr'><strong>Donati,</strong></span> <span class='ocrx_word' id='word_1_308' title='bbox 3223 4835 3474 4895; x_wconf 84' lang='lat' dir='ltr'><strong>Charisii</strong></span> <span class='ocrx_word' id='word_1_309' title='bbox 3534 4835 3609 4896; x_wconf 82' lang='lat' dir='ltr'><strong>al.</strong></span> <span class='ocrx_word' id='word_1_310' title='bbox 3654 4836 4084 4915; x_wconf 82' lang='lat' dir='ltr'><strong>explicationes</strong></span> <span class='ocrx_word' id='word_1_311' title='bbox 4140 4853 4303 4894; x_wconf 86' lang='lat' dir='ltr'><strong>com-</strong></span> 
     </span>
     <span class='ocr_line' id='line_1_36' title="bbox 728 4962 1045 5018; baseline 0.016 -20"><span class='ocrx_word' id='word_1_312' title='bbox 728 4962 1045 5018; x_wconf 59' lang='lat' dir='ltr'><strong>pessumus.</strong></span> 
     </span>
    </p>
   </div>
   <div class='ocr_carea' id='block_1_11' title="bbox 4800 4002 4803 4817">
    <p class='ocr_par' dir='ltr' id='par_1_22' title="bbox 4800 4002 4803 4817">
     <span class='ocr_line' id='line_1_37' title="bbox 4800 4002 4803 4817; baseline 0 0"><span class='ocrx_word' id='word_1_313' title='bbox 4800 4002 4803 4817; x_wconf 95' lang='lat' dir='ltr'><strong> </strong></span> 
     </span>
    </p>
   </div>
  </div>
 </body>
</html>
