4817 5934
2239 618 2755 690 ...20—

707 823 865 881 sunt
922 815 1236 882 addenda.
1325 818 1539 898 Atque
1583 815 2061 882 Consentius
2121 815 2378 898 quidem
2431 816 2495 881 in
2542 814 2815 898 singulis
2860 813 3302 896 metaplasmis
3350 811 3725 880 definiendis
3772 818 3837 879 et
3879 812 4285 880 illustrandis

707 936 899 1001 modo
948 952 1089 1000 cum
1121 935 1427 1016 charisio,
1471 936 1660 1000 modo
1705 952 1846 1000 cum
1863 920 2130 1000 'Donato
2174 934 2520 1016 conspirat,
2564 939 2639 999 ut
2680 933 2744 1000 in
2788 931 3154 999 definienda
3194 950 3474 1016 syncope
3520 936 3585 998 et
3628 931 3901 1000 diaeresi
3945 930 4101 998 facit
4144 951 4285 999 cum

709 1055 1018 1136 Charisio‚
1063 1071 1203 1119 cum
1235 1053 1489 1118 Donato
1535 1055 1599 1118 in
1647 1051 2007 1118 definienda
2053 1053 2405 1135 epenthesi‚
2448 1071 2793 1135 paragoge,
2838 1052 3297 1136 episynaliphe.
3365 1051 3596 1117 deinde
3627 1051 3921 1134 exempla
3948 1051 4286 1119 maximam

707 1181 988 1256 partem,
1031 1173 1538 1258 quatuordecim,
1584 1172 1807 1237 eadem
1855 1190 1931 1237 ac
1974 1172 2266 1237 Donatus
2310 1171 2736 1254 protulit⁴³)‚
2795 1190 2909 1238 sex
2952 1189 3093 1237 cum
3139 1169 3431 1238 Charisio
3454 1173 3594 1252 ⁴⁴),
3654 1169 3786 1237 alia
3828 1188 3971 1237 cum
4012 1177 4285 1254 utroque

705 1288 1064 1352 communia
1104 1291 1440 1372 habet⁴⁵).
1529 1289 1936 1372 quamobrem
1981 1308 2123 1355 cum
2158 1289 2435 1355 Charisii
2478 1295 2612 1356 tum
2648 1291 2883 1357 Donati
2930 1295 3257 1355 auctorem
3300 1289 3555 1355 videtur
3598 1294 3857 1356 secutus
3904 1308 4065 1356 esse.
4132 1307 4281 1355 nam

707 1406 1026 1473 Donatum
1085 1409 1324 1491 ipsum,
1391 1428 1658 1492 quocum
1717 1410 1780 1474 in
1829 1408 1970 1474 aliis
2013 1426 2266 1491 quoque
2316 1408 2511 1474 rebus
2555 1408 2951 1491 explicandis
2996 1426 3191 1490 saepe
3234 1408 3331 1473 ita
3374 1411 3725 1489 consentit,
3786 1415 3858 1475 ut
3896 1404 4029 1475 ‘aut
4069 1409 4303 1491 ipsum-

706 1524 1028 1591 Donatum
1086 1535 1198 1593 aut
1258 1529 1676 1610 antiquiorem
1735 1535 2053 1594 auctorem
2116 1527 2196 1593 ab
2241 1526 2351 1592 illo
2397 1545 2771 1609 expressum
2816 1528 2873 1593 ei
2918 1531 3068 1593 ante
3112 1527 3331 1594 oculos
3374 1525 3574 1592 fuisse
3618 1546 3884 1595 necesse
3928 1524 4029 1594 sit’
4088 1527 4281 1612 (Keil.

706 1643 812 1708 Gr.
844 1644 955 1709 lat.
987 1647 1065 1724 V,
1093 1647 1278 1732 335),
1341 1667 1486 1712 mea
1529 1647 1784 1728 quidem
1833 1651 2154 1712 sententia
2197 1646 2556 1712 exscribere
2600 1665 2729 1710 non
2772 1646 3015 1728 potuit,
3060 1648 3232 1729 quod
3278 1647 3646 1728 unicuique,
3710 1648 3819 1728 qui
3866 1650 4157 1730 exempla
4200 1648 4280 1714 ab

703 1768 975 1847 utroque
1018 1766 1101 1829 ad
1145 1766 1591 1831 illustrandam
1640 1765 2000 1846 prothesin,
2045 1765 2452 1846 epenthesin,
2498 1765 2876 1846 aphaeresin
2922 1765 3176 1847 prolata
3221 1765 3586 1845 contulerit,
3646 1765 3846 1830 multo
3890 1767 4107 1846 potius
4154 1768 4283 1833 Do-

701 1889 894 1949 natus
932 1882 1342 1950 Consentium
1388 1903 1576 1966 quam
1623 1884 1726 1948 hic
1774 1884 1949 1949 illum
1993 1883 2312 1950 videbitur
2357 1894 2617 1950 secutus
2662 1903 2825 1952 esse.
2912 1895 3107 1966 atque
3152 1883 3445 1950 similiter
3486 1885 3555 1950 in
3602 1884 3745 1950 aliis
3791 1903 4042 1966 quoque
4084 1886 4277 1952 rebus

702 2001 1054 2068 tractandis
1101 2005 1556 2085 explicationes
1587 2003 1912 2070 Consentii
1958 2010 2107 2068 sunt
2151 2003 2494 2085 ampliores
2538 2023 2729 2086 quam
2760 2004 3017 2084 Donati,
3060 2002 3238 2068 velut
3279 2023 3340 2084 p.
3372 2004 3518 2083 386,
3550 2005 3662 2069 21:
3701 1997 4030 2068 ‘barbaros
4063 2011 4277 2070 autem

701 2119 862 2186 lexis
891 2139 1018 2186 uno
1055 2124 1242 2187 modo
1274 2129 1520 2188 tantum
1552 2123 1966 2204 intellegitur,
2011 2141 2152 2188 cum
2198 2141 2274 2188 ex
2319 2122 2529 2188 aliena
2574 2123 2795 2205 lingua
2836 2123 2902 2187 in
2948 2127 3235 2187 nostrum
3280 2141 3467 2187 usum
3511 2123 3727 2204 aliqua
3769 2140 3921 2204 pars
3968 2122 4277 2188 orationis

700 2240 1052 2322 inducitur,
1107 2247 1180 2306 ut
1224 2264 1364 2311 cum
1411 2243 1708 2321 dicimus,
1770 2244 2009 2308 cateias
2051 2243 2273 2325 utique
2315 2243 2540 2308 hastas
2589 2241 2954 2320 Gallorum,
3012 2247 3405 2307 mastrucam
3446 2243 3880 2308 vestimentum
3924 2241 4281 2309 Sardorum

703 2357 807 2441 (cf.
852 2358 1110 2436 Quintil.
1147 2363 1201 2434 1,
1229 2356 1290 2438 5,
1321 2357 1420 2440 8),
1464 2363 1749 2445 mayalia
1793 2361 2105 2442 Afrorum
2152 2382 2367 2440 casaS,
2414 2364 2714 2428 acinaces
2754 2361 3002 2445 yladios
3046 2355 3423 2443 Medorum’,
3466 2361 3695 2442 quibus
3740 2379 3881 2426 cum
3928 2361 4003 2427 cf.
4046 2362 4277 2428 Donat.

700 2479 845 2556 392,
874 2477 942 2542 6:
999 2472 1080 2542 ‘in
1126 2467 1466 2558 peregrina
1507 2479 1939 2546 barbarolexis
1985 2479 2244 2558 dicitur,
2305 2485 2378 2545 ut
2422 2481 2477 2546 si
2523 2481 2665 2563 quis
2712 2480 2884 2545 dicat
2936 2486 3297 2564 mastruya,
3346 2483 3587 2560 cateia,
3626 2475 4071 2566 maqalia'⁴⁶).
4160 2483 4278 2548 sed

702 2615 842 2661 cum
887 2596 1270 2662 Consentius
1315 2615 1456 2663 cum
1501 2600 1580 2665 iis
1626 2616 1894 2680 quoque,
1940 2599 2047 2680 qui
2093 2599 2589 2664 commentarios·
2626 2600 2689 2664 in
2736 2598 3055 2664 Donatum
3110 2600 3521 2681 scripserunt,
3564 2600 3891 2682 complura
3920 2602 4280 2667 communia

698 2715 953 2796 habeat,
998 2722 1068 2781 ut
1097 2723 1314 2782 monet
1343 2719 1607 2799 KeiliuS,
1653 2717 2062 2784 Consentium
2109 2717 2385 2782 fortasse
2433 2737 2509 2782 ex
2541 2718 2825 2782 doctiore
2871 2717 3083 2798 aliquo
3114 2718 3177 2782 in
3211 2707 3531 2782 Donatum
3580 2725 3933 2784 commento
3978 2720 4277 2786 hausisse

699 2832 886 2900 facile
931 2841 1034 2902 est
1077 2835 1422 2916 suspicata.
1513 2840 1580 2896 at
1626 2835 1682 2898 si
1725 2837 1846 2900 hoc
1891 2855 2107 2902 verum
2155 2843 2350 2916 esset,
2396 2837 2759 2902 accuratius
2806 2837 3196 2902 consentiret
3228 2836 3607 2904 Consentius
3652 2855 3793 2903 cum
3824 2838 4063 2904 Donati
4108 2857 4276 2907 com-

701 2952 1195 3032 mentatoribuS,
1240 2954 1414 3019 velut
1457 2971 1597 3017 cum
1644 2953 1946 3037 Pompeio
1993 2955 2128 3034 (Gr.
2174 2955 2283 3021 lat.
2327 2957 2384 3022 V
2431 2975 2491 3038 p.
2523 2956 2867 3038 95—312).
2956 2977 2993 3022 e
3037 2957 3356 3022 contrario
3400 2975 3553 3021 vero
3597 2975 3724 3022 non
3771 2958 3977 3024 solum
4023 2958 4275 3025 deside-

699 3080 880 3138 ratur
937 3078 1237 3139 accurata
1293 3073 1656 3152 consensio,
1719 3075 1833 3170 sed
1882 3074 2072 3139 etiam
2131 3093 2398 3156 prorsus
2454 3075 2773 3142 interdum
2831 3076 3250 3156 dissentiunt,
3306 3082 3382 3141 ut
3422 3075 3639 3158 Pomp.
3684 3077 3842 3157 284,
3880 3077 3991 3142 23:
4050 3073 4269 3143 ‘cateia

699 3192 893 3257 telum
933 3191 1203 3257 dicimus
1246 3191 1466 3271 lingua
1508 3187 1878 3260 Persarum’
1922 3199 1988 3258 et
2032 3192 2328 3259 Consent.
2360 3194 2507 3275 386,
2536 3195 2649 3261 23;
2690 3189 2951 3262 ‘cateias
2996 3196 3216 3277 utique
3261 3195 3482 3262 hastas
3532 3190 3902 3262 Gallorum’.

954 3310 1131 3387 Quae
1172 3327 1324 3375 vero
1356 3309 1735 3376 Consentius
1783 3311 2138 3377 communia
2180 3311 2375 3378 habet
2419 3330 2560 3378 cum
2591 3313 2900 3396 Charisio,
2943 3315 3137 3381 talem
3180 3333 3339 3396 prae
3378 3332 3452 3379 se
3494 3312 3707 3378 ferunt
3748 3311 4259 3392 convenientiam,

697 3568 865 3628 ribus
910 3567 1236 3628 editoribus
1282 3587 1412 3626 cum
1458 3569 1639 3627 Probi
1685 3568 1854 3630 libris
1899 3570 2278 3631 coniunctum
2323 3578 2465 3643 erat,
2513 3590 2670 3629 nunc
2715 3590 2951 3652 quoque
2996 3591 3127 3631 cum
3173 3571 3268 3630 his
3314 3572 3623 3644 edendum,
3666 3573 3769 3632 sed
3814 3592 3849 3631 a
3890 3573 4139 3652 reliquis
4180 3591 4270 3632 se-

697 3670 1061 3744 iungendum
1106 3661 1348 3746 putavi?

958 3777 1064 3849 43)
1109 3771 1182 3830 ef.
1230 3792 1273 3830 s.
1305 3777 1349 3832 t.
1396 3773 1468 3830 de
1511 3773 1738 3849 prosth.
1787 3773 1964 3848 Verg.
2005 3779 2074 3833 A.
2125 3779 2192 3846 3,
2232 3779 2339 3844 12;
2399 3773 2608 3834 incert.
2668 3783 2819 3836 auct.
2882 3775 2955 3833 de
3013 3776 3256 3852 epenth.
3314 3775 3491 3849 Verg.
3537 3780 3611 3836 A.
3662 3780 3727 3850 1,
3777 3781 3875 3836 30.
3938 3778 4011 3837 de
4069 3795 4275 3855 parag.

693 3865 933 3950 ‘magis’,
976 3865 1301 3949 ‘potestur’.
1364 3875 1435 3932 de
1465 3876 1702 3950 aphaer.
1735 3876 1967 3936 Terent.
2002 3876 2255 3952 Adelph.
2285 3877 2369 3949 11,
2412 3881 2460 3948 1,
2496 3881 2593 3935 31.
2660 3878 2733 3935 de
2776 3897 3019 3955 syncop.
3062 3867 3403 3951 ‘audacter’;
3450 3877 3683 3940 Terent.
3716 3879 3954 3938 Phorm.
3995 3883 4046 3952 1,
4080 3884 4137 3952 2,
4174 3883 4270 3937 51.

697 3977 770 4034 de
814 3995 1060 4053 apocop.
1104 3967 1378 4035 ‘Achilli’.
1445 3976 1518 4034 de
1563 3977 1742 4036 ectasi
1790 3975 1968 4053 Verg.
1999 3983 2072 4037 A.
2114 3983 2161 4051 1,
2209 3984 2264 4037 2.
2332 3979 2404 4037 de
2451 3979 2674 4056 systole
2721 3978 2896 4054 Ver-g.
2941 3983 3011 4037 A.
3061 3984 3117 4052 4,
3166 3982 3263 4038 52.
3329 3981 3402 4039 de
3448 3980 3736 4058 episynal.
3777 3971 4114 4039 ‘Phaethon
4158 3998 4268 4054 pro

698 4064 1046 4137 Phaethon'.
1116 4078 1188 4136 de
1232 4079 1446 4138 antith.
1485 4069 1608 4137 ‘olli
1657 4098 1763 4155 pro
1807 4071 1931 4138 illi’.
2005 4082 2076 4139 de
2121 4081 2364 4140 metath.
2411 4079 2587 4155 Verg.
2632 4084 2705 4139 A.
2762 4086 2853 4152 11,
2903 4084 2999 4139 55.

955 4178 1062 4255 44)
1107 4179 1181 4238 cf.
1226 4199 1272 4239 s.
1302 4186 1344 4240 t.
1392 4182 1464 4239 de
1501 4183 1739 4256 epenth.
1787 4179 1963 4257 Verg.
1997 4186 2067 4241 A.
2103 4187 2158 4255 8,
2193 4187 2334 4241 630.
2397 4183 2471 4241 de
2499 4201 2698 4259 parag.
2747 4182 2923 4257 Verg.
2959 4188 3031 4242 A.
3065 4189 3121 4256 9,
3156 4188 3298 4244 231.
3358 4184 3430 4242 de
3474 4201 3717 4259 apocop.
3764 4182 3919 4239 Enn.
3946 4197 4082 4240 ann.
4118 4185 4273 4256 5633

689 4281 871 4357 Verg.
904 4285 975 4340 A.
1015 4285 1107 4353 10,
1139 4285 1280 4340 481.
1345 4283 1416 4340 de
1461 4284 1640 4342 ectasi
1687 4282 1866 4358 Verg.
1897 4289 1967 4342 A.
2007 4289 2058 4357 1,
2093 4289 2234 4344 499.
2298 4286 2371 4343 de
2418 4285 2665 4343 diaeresi
2711 4283 2887 4358 Verg.
2922 4289 2993 4344 A.
3027 4289 3083 4358 9,
3119 4289 3216 4342 26.

948 4382 1056 4459 45)
1102 4383 1172 4442 cf.
1217 4402 1261 4442 s.
1290 4388 1334 4443 t.
1383 4385 1453 4443 de
1497 4385 1736 4460 epenth.
1777 4375 2199 4462 ‘induperator'
2241 4385 2469 4464 (Eum).
2532 4388 2603 4446 de
2648 4388 2887 4464 aphaer.
2934 4386 3113 4464 Verg.
3144 4391 3217 4445 A.
3252 4391 3308 4459 6,
3342 4389 3482 4445 620.
3541 4385 3613 4445 de
3658 4384 3971 4464 synaliphe
4019 4389 4088 4447 A.
4123 4392 4178 4462 9,
4216 4393 4269 4447 1.

693 4484 767 4542 de
811 4484 1086 4561 ecthlipsi
1131 4488 1200 4544 A.
1239 4490 1290 4557 1,
1325 4491 1380 4545 3.
1447 4487 1518 4544 de
1560 4487 1874 4547 metathesi
1917 4492 1989 4547 A.
2033 4494 2122 4561 10,
2156 4493 2297 4547 394.

951 4584 1059 4663 46)
1103 4587 1176 4645 cf.
1218 4587 1396 4646 etiam
1439 4587 1657 4648 Donat.
1703 4609 1760 4665 p.
1795 4590 1934 4663 373,
1971 4591 2046 4648 27
2067 4613 2082 4649 ι
2141 4590 2433 4650 feminina
2489 4597 2687 4650 autem
2730 4597 2834 4651 aut
2874 4591 2940 4650 in
2981 4591 3033 4650 is
3078 4595 3328 4664 exeunt,
3388 4597 3459 4650 ut
3505 4590 3732 4663 Atreis,
3792 4593 3895 4650 aut
3935 4589 4001 4648 in
4046 4609 4143 4665 as,
4200 4598 4273 4650 ut

695 4687 947 4761 Peleius,
991 4692 1095 4747 aut
1135 4688 1200 4746 in
1245 4707 1320 4747 ne
1367 4695 1435 4748 ut
1476 4690 1718 4763 Nerine,
1770 4695 1830 4751 et
1875 4691 2150 4752 Consent.
2186 4697 2327 4767 341,
2365 4696 2477 4752 14:
2520 4693 2808 4753 feminina
2840 4712 2985 4754 vero
3031 4696 3134 4753 aut
3165 4691 3229 4750 in
3259 4693 3311 4752 is
3347 4698 3587 4766 exeunt,
3630 4696 3701 4752 ιιι
3728 4693 3801 4751 ab
3832 4695 4019 4752 Atreo
4049 4691 4269 4766 Atreis,

695 4795 799 4849 aut
839 4789 905 4847 in
948 4808 1029 4862 as,
1073 4798 1143 4851 ut
1183 4809 1220 4848 a
1261 4790 1442 4851 Peleo
1488 4792 1739 4864 Peleias,
1784 4797 1889 4852 aut
1931 4793 1994 4852 in
2039 4811 2134 4868 ne,
2179 4794 2539 4868 Euandrius,
2584 4795 2809 4856 Nerine
2853 4800 2913 4856 et
2957 4794 3398 4869 Adrestine,
3446 4800 3508 4855 et
3550 4795 3800 4874 Dionys.
3849 4795 3986 4855 Thr.
4031 4814 4092 4873 p.
4126 4798 4265 4867 634,

699 4897 810 4952 32:
854 4891 1135 4966 θηλυκῶν
1181 4888 1246 4951 δὲ
1289 4885 1515 4970 ὁμοίως
1557 4891 1742 4954 τύποι
1786 4891 1897 4954 εἰσὶ
1941 4899 2116 4975 τρεῖς,
2162 4887 2199 4956 ὅ
2242 4893 2328 4967 εἰς
2361 4898 2437 4969 273,
2483 4889 2618 4957 οἷον
2666 4897 2959 4976 Uorapte,
3006 4891 3043 4958 ὅ
3087 4895 3173 4968 εἰς
3214 4899 3307 4970 ιιι-ς,
3352 4889 3486 4958 οἷον
3536 4891 3776 4971 Πελιάς,
3821 4893 3923 4956 καὶ
3970 4888 4006 4956 ἆ
4049 4891 4131 4966 εἰς
4170 4895 4267 4968 ν-η,

695 4985 829 5053 οἷον
862 4987 1312 5074 Ἀδρηστίνη.
