4817 5934
973 825 1290 887 Charisius.

1251 943 1570 1022 Ectklipsis
1611 953 1698 1002 est

567 1067 694 1106 cam
725 1047 954 1106 duabus
987 1046 1348 1106 dictionibus
1379 1047 1524 1105 dure
1557 1065 1696 1104 con-

569 1150 943 1210 currentibus
998 1147 1203 1229 aliqua-
1243 1147 1695 1208 consonantium

567 1251 668 1312 vel
738 1251 940 1328 plures
1005 1249 1309 1331 quaelibet
1375 1249 1693 1321 eliduntur,

569 1358 650 1413 ut
691 1343 1034 1412 ‘multum
1079 1349 1218 1412 ille
1261 1357 1333 1412 et
1375 1358 1417 1412 t.
1456 1353 1496 1412 i.
1535 1369 1584 1413 e.
1619 1343 1687 1411 a?

569 1454 816 1532 (Verg.
847 1458 918 1512 A.
955 1459 1008 1527 1,
1041 1456 1105 1535 3)
1149 1474 1257 1533 pro
1302 1455 1570 1514 multum.

1077 1658 1533 1720 Antithesis
1576 1666 1696 1721 est

568 1760 906 1821 litterae
966 1779 1104 1837 pro
1163 1760 1448 1822 littera
1511 1765 1694 1821 inmu-

572 1865 734 1933 tatio,
771 1854 972 1940 ‘tapete
1004 1882 1060 1922 n.
1092 1881 1148 1920 υ.
1179 1904 1195 1920 .
1223 1905 1240 1921 .
1268 1855 1298 1921 .’
1339 1863 1523 1941 (Ovid.
1551 1866 1689 1924 Met.

571 1971 631 2036 3,
671 1966 777 2043 79)
811 1985 922 2042 pro
967 1967 1197 2044 impetu.

1231 2170 1568 2230 Metathesis·
1608 2180 1696 2229 est

564 2273 706 2331 ordo
751 2272 1074 2331 litterarum
1117 2281 1391 2345 mutatus,
1438 2282 1506 2331 ut
1543 2263 1692 2332 ‘nam

568 2374 677 2433 tibi
719 2373 1000 2452 Thymbre
1056 2394 1109 2432 e.
1152 2376 1223 2433 Ε.
1264 2394 1325 2434 a.
1362 2368 1435 2434 e.’
1485 2377 1688 2456 (Verg.

564 2477 645 2536 A.
677 2481 776 2548 10,
807 2476 990 2554 394),·
1037 2479 1266 2536 ratione
1305 2479 1452 2536 enim
1489 2479 1694 2555 Thym·

564 2576 668 2636 ber
706 2578 941 2638 dicim.

2101 623 2617 696 ...29—

2177 826 2544 900 Anonymus.

2486 942 2799 1020 Ectlzlipsaele
2841 947 2929 999 est

1798 1062 1921 1101 eum
1980 1043 2141 1104 inter
2197 1064 2262 1104 se
2320 1062 2528 1121 aspere
2574 1061 2925 1104 concurren-

1794 1145 1946 1205 tium
1989 1145 2348 1223 syllabarum
2389 1146 2796 1206 intercedente
2834 1165 2925 1205 so-

1797 1246 1856 1307 la
1875 1269 1934 1306 m
1957 1247 2158 1309 littera
2177 1252 2541 1308 consonante
2575 1253 2637 1309 et
2657 1248 2923 1309 vocalem

1797 1357 1858 1409 et
1923 1357 2345 1410 consonantem
2420 1369 2599 1431 quam
2666 1349 2927 1410 diximus

1799 1452 1936 1511 elidi
1982 1469 2224 1512 neeesse
2267 1458 2388 1527 est,
2453 1458 2533 1516 ut
2572 1444 2921 1514 ‘multum

1796 1553 1940 1614 ille
1985 1559 2061 1613 et
2101 1547 2154 1614 t.'
2209 1554 2453 1632 (Verg.
2486 1560 2557 1614 A.
2599 1560 2650 1628 1,
2683 1554 2767 1633 3).

2294 1657 2760 1717 Antithesis
2804 1664 2925 1719 est

1794 1757 2128 1820 litterae
2189 1778 2327 1835 pro
2390 1759 2677 1820 littera
2741 1763 2923 1818 :bemu-

1799 1863 1967 1932 tatio,
2017 1869 2083 1918 ut
2120 1851 2328 1937 ‘inpete
2368 1880 2431 1918 n.
2469 1879 2525 1918 v.
2566 1905 2581 1920 .
2612 1906 2625 1921 .
2654 1855 2685 1921 .’
2736 1860 2922 1939 (om’d.

1795 1963 1938 2021 Met.
1979 1968 2041 2035 3,
2071 1963 2202 2040 79).

2585 2167 2922 2227 Metatltesis

1793 2278 1884 2326 est
1924 2270 2244 2328 litterarum
2289 2272 2429 2330 ordo
2475 2273 2809 2342 inmutatus,
2859 2279 2927 2329 ut

1794 2360 1942 2430 ‘nam
2008 2371 2117 2430 tibi
2177 2371 2458 2449 Thymbre
2518 2393 2572 2431 e.
2619 2373 2695 2432 E.
2744 2393 2805 2434 a.
2845 2367 2917 2431 εἶ

1794 2472 2001 2551 (Verg.
2030 2473 2114 2532 A.
2146 2478 2246 2546 10,
2276 2475 2449 2553 394).

3441 822 3742 884 Sacerdos.

3115 943 3196 998 De
3252 941 3537 1019 ecthlipsi.
3632 943 3722 1001 De
3780 942 3891 1004 hac
3948 963 4152 1022 super-

3024 1059 3275 1103 vacuum
3300 1049 3393 1104 est
3414 1043 3625 1116 dicere,
3662 1045 3803 1124 quia
3836 1047 4148 1123 synaliphe

3027 1143 3239 1204 similis
3282 1151 3388 1206 est.
3470 1147 3707 1226 quidam
3752 1153 3951 1208 tamen
3994 1148 4154 1208 inter

3028 1247 3382 1324 synaliphen
3424 1253 3488 1308 et
3529 1249 3847 1326 ecthlipsin
3902 1252 4017 1309 hoc
4060 1249 4153 1309 in-

3026 1353 3250 1409 teresse
3268 1349 3605 1425 voluerum,
3641 1357 3709 1413 ut
3738 1351 4051 1429 synaliphe
4072 1353 4154 1413 sit

3026 1451 3351 1525 vocalium,
3414 1453 3720 1530 ecthlipsis
3759 1473 3902 1514 vero
3948 1475 4153 1515 conso·

3026 1552 3314 1612 nantium.

3114 1656 3199 1714 De
3227 1656 3522 1715 antithesi.
3593 1657 4002 1719 Antithesis
4046 1662 4153 1720 est

3026 1756 3323 1817 litterae
3365 1777 3494 1833 pro
3537 1758 3799 1820 littera
3842 1770 4151 1820 commuta·

3029 1861 3131 1930 tic,
3180 1867 3245 1916 ut

3294 2054 3477 2123 ‘olli'
3520 2084 3654 2142 pro
3698 2057 3879 2127 ‘illi’.

3112 2168 3195 2225 De
3256 2168 3568 2228 metathesi.
3668 2169 4005 2229 Metatlnesils·
4066 2180 4152 2229 est

3025 2288 3150 2328 eum
3193 2269 3381 2328 isdem
3422 2271 3641 2332 litteris
3680 2272 3745 2332 in
3786 2274 3971 2332 verbo
4030 2293 4149 2333 ma-

3025 2372 3309 2433 nentibus
3349 2371 3419 2432 fit
3460 2375 3878 2435 transmutatio
3920 2374 4149 2436 littera-

3022 2493 3154 2534 rum
3212 2493 3281 2534 ac
3340 2475 3388 2534 si
3447 2474 3607 2536 dicas
3664 2468 3983 2557 ‘leriquias'
4040 2498 4148 2556 pro

3022 2567 3339 2658 ‘reliquias’
3368 2578 3467 2655 (cf.
3491 2578 3763 2640 Diomed.
3786 2600 3845 2657 p.
3863 2585 4003 2654 452,
4022 2581 4148 2657 30).

3108 2783 3194 2842 De
3232 2783 3572 2858 protheseon
3610 2786 3942 2863 parallage.
4006 2784 4151 2844 Pro-

3025 2885 3251 2943 tkeseon
3290 2886 3610 2963 parallage
3662 2896 3749 2945 est
3789 2905 3915 2945 eum
3958 2887 4147 2948 altera

3016 2989 3369 3065 praepositio
3406 3007 3518 3065 pro
3548 2987 3738 3048 altera
3776 2991 4035 3066 ponae’tur,
4085 2999 4151 3047 ut

3020 3079 3140 3148 ‘eui
3179 3097 3398 3148 tantum
3443 3089 3511 3148 de
3554 3099 3609 3149 te
3651 3083 3885 3150 licm'tP'
3941 3091 4143 3169 (Verg.

3021 3193 3107 3252 A.
3134 3197 3196 3264 6,
3230 3189 3383 3268 502)
3416 3211 3532 3270 pro
3576 3195 3637 3252 in
3682 3201 3752 3253 te.
