4817 5934
1045 756 1366 816 Palaemon
1379 777 1394 815 :

653 899 732 955 te
761 938 776 956 .
807 938 823 954 .
853 938 871 954 .
899 883 1292 964 vioissim’,
1337 896 1419 952 ut
1460 889 1570 950 ait
1601 889 1780 948 Ver-

655 995 890 1073 gilius
934 993 1036 1073 (A.
1069 1001 1133 1068 6,
1168 993 1346 1070 531);
1405 991 1542 1052 ille
1585 990 1778 1051 enim

655 1097 836 1158 ordo
881 1097 1010 1155 ubi
1055 1095 1560 1172 postponitur
1601 1113 1780 1170 poe-

652 1201 854 1260 tions
916 1203 1034 1258 est
1087 1217 1220 1275 per
1279 1188 1780 1273 ἀναστροφήν

651 1303 927 1374 faetus,
967 1291 1165 1378 ‘ipsa
1207 1299 1450 1359 sedin
1495 1297 1779 1358 somnis

767 1403 1003 1482 (Verg.
1027 1407 1100 1462 A.
1132 1407 1183 1475 1,
1208 1401 1379 1478 353),
1421 1391 1562 1460 ‘sed
1590 1390 1779 1476 ipsa’.

655 1506 1124 1583 subsequens
1184 1509 1297 1565 est
1352 1494 1571 1583 ‘que’‚
1637 1521 1778 1561 me—

657 1606 772 1665 dia
814 1612 928 1666 est
966 1596 1266 1665 ‘etiam’.
1333 1605 1558 1665 habent
1600 1604 1778 1664 etiam

653 1707 874 1784 figuras
919 1707 1395 1780 coniunctiones,
1458 1705 1600 1786 quia
1640 1713 1780 1766 sunt

651 1817 758 1868 aut
827 1807 1126 1884 simpliees
1210 1815 1314 1868 aut
1385 1807 1779 1884 compositam

651 1910 981 1986 simplices,
1041 1916 1122 1970 ut
1164 1929 1353 1981 nam,
1395 1911 1775 1986 compositae,

653 2020 738 2072 ut
779 2030 1106 2091 namque.
1165 2031 1297 2072 oum
1342 2018 1434 2072 est
1475 2011 1662 2088 igitur
1704 2013 1777 2072 de

653 2116 845 2191 figura
877 2121 939 2175 et
972 2114 1179 2174 ordine
1216 2114 1455 2186 dietum,
1499 2113 1777 2190 inspicia-

652 2238 785 2277 mus
829 2235 1004 2290 nuno,
1051 2235 1204 2296 quae
1247 2215 1369 2276 sint
1410 2223 1752 2293 potestates.

2188 549 2702 622 -12-

2274 750 2595 810 Diomedes
2607 771 2623 808 ι

1883 880 2275 960 vioissim’3
2363 904 2524 944 nam
2610 884 2749 944 ille
2826 882 3007 943 ordo

1883 990 2004 1049 ubi
2027 988 2508 1068 postponitur
2533 987 2873 1067 poetious
2897 989 3012 1044 est

1884 1109 2007 1168 per
2027 1090 2521 1168 anastrophen
2542 1091 2808 1161 faetus,
2830 1078 3011 1162 ‘ipsa

1883 1193 2118 1252 sedin
2151 1191 2438 1252 somnis
2466 1183 2739 1253 i.u.v.o.'
2769 1190 2843 1266 (V
2863 1207 3006 1262 erg.

1883 1299 1956 1354 A.
1995 1299 2059 1363 1,
2093 1294 2260 1372 853).
2348 1295 2831 1372 subsequens
2892 1296 3010 1350 est

1877 1385 2068 1476 ‘qne’,
2112 1397 2353 1454 media
2380 1403 2499 1454 est
2528 1385 2807 1454 ‘etiam’.
2873 1411 3009 1450 eon-

1881 1499 2164 1555 iunctioni
2191 1499 2461 1555 accidunt
2484 1497 2697 1572 figura
2732 1496 2873 1552 ordo
2900 1513 3007 1570 po-

1883 1606 2081 1656 testas.
2153 1597 2366 1675 figura
2420 1609 2507 1656 est
2564 1616 2675 1674 qua
2734 1604 2999 1674 apparet,

1881 1708 1988 1758 aut
2036 1701 2286 1775 simplex
2337 1701 2447 1769 sit,
2511 1708 2592 1759 ut
2649 1718 2808 1758 nam
2826 1745 2842 1772 ‚
2905 1707 3011 1756 aut

1880 1803 2190 1876 composita
2209 1843 2227 1870 ,
2296 1809 2380 1862 ut
2437 1820 2775 1883 namque.
2864 1801 3007 1858 ordo

1883 1905 2342 1960 coniunctionum
2379 1905 2608 1982 triplici
2636 1923 2851 1981 genere
2882 1922 3006 1961 ser-

1885 2005 2100 2062 vandus
2143 2014 2261 2077 est,
2305 2025 2418 2082 quo
2463 2015 2742 2083 apparet,
2807 2011 3007 2066 utrum

1881 2105 2288 2182 praepositiva
2327 2107 2423 2180 sit,
2466 2115 2537 2167 ut
2564 2127 2717 2180 nam,
2763 2127 2840 2166 an
2870 2109 3007 2166 sub-

1880 2207 2175 2279 iunotiva,
2223 2218 2290 2266 ut
2329 2229 2467 2288 que,
2518 2210 2611 2268 vel
2650 2228 2797 2288 quae
2833 2229 3005 2287 prae·

1875 2311 2026 2386 poni
2053 2318 2113 2365 et
2137 2309 2419 2388 subiungi
2447 2315 2657 2389 possit,
2708 2318 2775 2372 ut
2803 2313 3007 2392 itaque

1881 2429 2155 2490 namque.
2237 2422 2499 2488 potestas
2550 2415 3007 2472 coniunctionum

1769 2525 1774 2528 ·
1882 2514 1942 2569 in
1986 2515 2234 2590 quinque
2288 2515 2594 2573 distributa
2652 2519 2870 2594 species
2922 2514 3009 2571 di-

1883 2613 2117 2671 viditur.
2187 2625 2324 2672 sunt
2343 2618 2490 2673 enim
2513 2619 2873 2693 copulativae
2894 2618 3007 2673 dis—

655 2735 718 2788 et
760 2735 902 2789 sunt
941 2729 1054 2787 hae
1099 2729 1501 2806 oopulgfivgeg
1560 2746 1678 2807 que
1720 2733 1784 2787 et
1883 2715 2169 2772 iunctivae
2190 2717 2517 2792 expletivae
2536 2720 2803 2777 causales
2824 2720 3003 2777 ratio·

651 2850 833 2908 porro
865 2830 1103 2910 quidem
1132 2849 1370 2911 quoque
1398 2835 1579 2908 atque
1601 2829 1780 2890 edam

653 2952 723 2992 ae
773 2932 919 2992 item
972 2937 1170 2992 autem
1213 2952 1378 2994 vero.
1467 2936 1619 3004 225,
1666 2937 1780 2991 26:

661 3034 1039 3110 disiungendi
1071 3043 1210 3094 sunt
1231 3035 1344 3092 hae
1366 3031 1780 3105 διαζευκτικοίι

651 3155 729 3197 ve
772 3135 872 3198 vel
931 3155 1018 3194 an
1075 3155 1165 3195 ne
1221 3141 1326 3195 aut
1382 3152 1578 3214 neque
1637 3153 1780 3194 neu

651 3258 767 3300 neo
809 3259 848 3298 n
864 3223 1032 3300 eves

659 3951 1777 4028 225,17:oausaleshae:namenim

659 4057 838 4137 quia
882 4055 1227 4136 quoniam
1272 4073 1351 4114 eo
1383 4053 1555 4113 ideo
1589 4055 1780 4134 quod

654 4157 952 4220 ideireo
997 4157 1313 4234 propter
1352 4174 1572 4217 eausa
1612 4175 1778 4230 gra-

655 4261 768 4321 tia
794 4278 981 4335 ergo.
1035 4259 1172 4318 hae
1201 4258 1424 4332 enim,
1453 4257 1580 4317 ubi
1612 4276 1780 4318 oau-

655 4381 736 4422 sa
762 4360 1115 4421 redditur
1141 4379 1418 4432 rerum,
1465 4359 1779 4419 coniun-

659 4482 837 4540 gere
882 4462 1298 4523 orationem
1342 4461 1611 4536 solent,
1656 4480 1778 4523 ve-

660 4565 773 4626 lut
800 4565 938 4626 ita:
972 4553 1139 4623 ‘non
1169 4562 1399 4636 dedit,
1432 4562 1779 4642 quoniam

657 4687 799 4727 non
841 4659 1143 4726 habuit’.

660 4768 1261 4829 ratiocinativae
1325 4767 1457 4826 hae
1519 4767 1780 4846 συλλογι-

655 4868 878 4930 ermol:

1881 2816 2065 2875 nales.
2157 2820 2515 2894 copulativae
2576 2819 2684 2878 leae
2697 2843 2716 2878 .-
2786 2829 2845 2878 et
2901 2837 3008 2898 que

1880 2937 1952 2975 ac
1979 2928 2042 2976 at
2072 2929 2168 2977 ast
2199 2929 2400 2998 atque3
2448 2919 2825 2980 disiunctivae
2837 2946 2857 2979 .·
2904 2930 3011 2980 aut

1883 3038 1949 3076 ve
1977 3020 2070 3077 vel
2089 3039 2194 3079 nec
2215 3041 2392 3099 neque
2422 3041 2508 3081 an
2530 3042 2616 3084 ne
2641 3045 2774 3086 neu
2800 3043 3007 3098 neve;

1883 3123 2202 3198 expletivae
2218 3147 2238 3181 .·
2301 3126 2519 3202 quidem
2573 3127 2824 3205 equidem
2869 3146 3007 3205 quo·-

1884 3242 1991 3301 que
2031 3235 2218 3283 autem
2264 3237 2451 3285 tamen
2500 3247 2684 3306 porro
2738 3229 3005 3306 profecto

1885 3325 2098 3386 deinde
2130 3327 2339 3388 saltem
2364 3329 2641 3389 nimirum
2663 3351 2832 3404 vero3
2868 3351 3007 3390 cau-

1883 3429 2036 3487 sales
2051 3452 2070 3486 .·
2118 3432 2193 3500 si,
2243 3433 2374 3501 etsi,
2430 3431 2678 3505 etiamsi,
2726 3434 2776 3492 si
2809 3432 3005 3504 etiam,

1882 3531 2133 3591 sitamen
2151 3577 2166 3605 ,
2251 3539 2453 3592 tamen
2536 3533 2618 3608 si,
2706 3533 3000 3612 siquidem,

1883 3635 2133 3709 quando,
2165 3635 2632 3712 quandoquidem,
2668 3639 2829 3714 quin,
2868 3639 3006 3713 quia

1883 3737 2076 3805 ettam,
2126 3738 2236 3807 sin,
2287 3737 2382 3796 sin
2424 3737 2621 3811 etiam,
2666 3739 2759 3798 sin
2790 3745 3005 3811 autem,

1881 3856 2004 3908 seu,
2052 3839 2193 3908 sive,
2242 3856 2395 3910 nam,
2446 3858 2706 3918 namque,
2743 3843 2829 3912 ni,
2865 3843 2999 3911 m'si,

1883 3942 2003 3998 nisi
2053 3943 2139 4012 si,
2197 3952 2503 4020 praeterea
2522 3985 2540 4014 ,
2608 3961 2641 4001 e
2658 3943 2801 4001 nim
2815 3988 2832 4017 ‚
2894 3962 2927 4000 e
2941 3947 2968 4002 t
2980 3975 3004 3988 ·

1883 4043 2111 4117 enim,
2171 4045 2329 4118 sed,
2377 4045 2582 4124 quia,
2630 4046 3003 4124 quoniam,

1884 4163 1998 4218 eo,
2058 4146 2260 4219 ideo,
2305 4147 2631 4220 ideireo,
2692 4153 3006 4224 propter

1883 4265 2124 4322 eausa,
2162 4247 2412 4323 gratia.
2468 4248 2632 4321 hae,
2676 4249 2804 4307 ubi
2836 4267 3005 4309 eau-

1885 4373 1960 4412 sa
2001 4351 2344 4411 redditur
2380 4368 2651 4423 rerum,
2698 4352 3005 4412 coniun-

1884 4475 2060 4533 gere
2106 4453 2400 4514 oration
2417 4471 2524 4511 em
2584 4453 2831 4515 solent
2883 4455 3004 4530 ita,

1881 4549 1997 4619 ‘no
2016 4577 2057 4615 n
2121 4555 2359 4627 dedit,
2428 4553 2604 4633 quia
2668 4573 2811 4616 non
2878 4558 3007 4616 ha-

1883 4662 1922 4720 b
1937 4681 1977 4719 ιι
1989 4660 2009 4718 i
2021 4667 2048 4719 t
2058 4651 2090 4717 ’.

1883 4759 2216 4824 rstiooin
2234 4759 2513 4820 ativae:

2036 4864 2139 4925 sed
2225 4863 2587 4942 quamobrem
2668 4865 3008 4938 praesertim

3472 745 3855 806 Cominianus
3869 768 3884 806 ε

4100 1413 4238 1454 eon-

3110 1493 3396 1551 iunctioni
3424 1495 3694 1552 accidunt
3706 1494 3924 1572 figura
3961 1497 4101 1556 ordo
4129 1517 4238 1575 po·

3111 1602 3306 1651 testas.
3381 1594 3597 1672 figura
3642 1607 3729 1654 est
3756 1617 3869 1675 qua
3906 1602 4240 1678 appellatur·

3110 1695 3450 1776 (appar-eff)
3510 1705 3615 1754 aut
3667 1699 3944 1775 simplex,
4006 1713 4073 1761 ut
4112 1707 4236 1781 qui·

3108 1797 3263 1866 dem,
3312 1808 3417 1856 aut
3458 1803 3799 1876 composita,
3852 1810 3917 1860 ut
3956 1807 4229 1882 equidem.

3109 1900 3251 1957 ordo
3282 1909 3391 1971 est,
3440 1921 3552 1979 quo
3580 1913 3840 1980 apparet,
3888 1924 4037 1982 quae
4056 1926 4237 1984 prae-

3103 2005 3253 2079 poni
3292 2011 3510 2060 tantum
3548 2007 3767 2081 possit,
3818 2015 3883 2063 ut
3924 2017 3989 2065 at
4003 2031 4023 2077 ,-
4087 2029 4239 2087 quae

3108 2103 3388 2181 subiungi
3439 2115 3655 2164 tantum
3702 2111 3918 2184 possit,
3984 2120 4045 2168 ut
4088 2131 4195 2190 que
4207 2135 4230 2184 ,-

3110 2224 3255 2283 quae
3310 2210 3607 2285 praeponi
3668 2219 3727 2267 et
3785 2211 4092 2290 subiungi,
4172 2223 4236 2271 ut

3110 2308 3303 2365 ettam.

3464 2421 3721 2488 potestas
3776 2419 4235 2475 coniunctionum

3111 2514 3170 2571 in
3215 2515 3461 2590 quinque
3506 2517 3726 2590 species
3768 2518 4065 2578 dividitur.

3408 2625 3545 2673 sunt
3566 2619 3711 2676 enim
3735 2621 3941 2695 copula
3948 2623 4098 2680 tivae
4119 2625 4239 2681 dis-

3113 2719 3401 2775 iunctivae
3424 2719 3743 2795 expletivae
3764 2723 4031 2780 causales
4052 2727 4237 2783 ratio-

3109 2817 3289 2876 nales.
3348 2821 3743 2898 copulativae.-
3790 2833 3852 2882 et
3888 2843 3995 2904 que
4036 2836 4103 2884 at
4142 2836 4239 2886 ast

3110 2939 3181 2978 ae
3224 2931 3429 3000 atque‚·
3478 2923 3878 2986 duzunctivae:
3926 2938 4032 2986 aut
4057 2949 4122 2987 ve
4149 2929 4243 2988 vel

3108 3042 3181 3081 ne
3221 3043 3325 3084 nec
3368 3046 3579 3105 neque,-

3108 3129 3432 3205 expletivae
3446 3152 3465 3187 .-
3529 3130 3751 3206 quidem
3804 3131 4054 3208 equidem
4097 3147 4233 3206 quo-

3109 3249 3214 3307 que
3256 3241 3445 3288 autem
3490 3239 3675 3290 tamen
3712 3248 3919 3309 porro.

4096 3349 4231 3388 cau-

3108 3433 3262 3492 sales·
3305 3428 3716 3510 αἱτιολογικοίε
3764 3433 3824 3490 si
3860 3433 3973 3490 etsi
4012 3433 4240 3490 tametsi

3107 3533 3383 3612 siquidem
3471 3533 3698 3612 quando
3784 3535 4235 3612 quandoquidem

3110 3640 3267 3716 quin,
3304 3639 3441 3714 quin
3472 3640 3661 3706 ettam,
3702 3637 3791 3693 sin
3822 3655 3922 3693 seu
3949 3638 4072 3693 sive
4098 3653 4233 3694 nam

3108 3758 3347 3817 namque
3410 3757 3481 3796 ne
3536 3739 3608 3796 ni
3658 3739 3777 3795 nisi
3834 3739 4010 3798 nisisi
4061 3756 4237 3814 prae-

3112 3850 3290 3900 terea.

3112 4759 3425 4819 rationales
3441 4782 3461 4817 .-

3496 4859 3854 4940 quamobrem
3892 4859 4236 4936 praesertim
