4817 5934
2111 605 2627 688 —21—

572 823 654 884 ut
697 817 1078 886 Consentius
1122 815 1297 882 illius
1337 809 1515 883 ‘arte’
1571 834 1730 882 usus
1785 833 1931 882 esse
1974 813 2201 896 poss-it.
2289 817 2575 880 attamen
2634 830 2775 878 cum
2830 811 3161 878 Charisius
3218 816 3513 878 auctores
3573 828 3727 876 suos
3784 809 4159 892 plerumque

579 938 666 1003 ad
709 936 970 1003 verbum
1026 935 1466 1020 exscripserit,
1528 939 1595 1000 et
1649 933 2064 1001 Consentium
2121 931 2516 1015 antiquiores
2574 930 2773 998 libros
2831 929 3191 1012 inspexisse
3241 930 3393 996 inde
3445 933 3695 1013 pateat,
3757 930 3926 1012 quod
3982 929 4157 994 haud

577 1073 786 1138 pauca
827 1054 1125 1138 praebet,
1187 1071 1354 1135 quae
1395 1053 1569 1135 apud
1615 1051 1776 1120 alios
1819 1072 1948 1118 non
1990 1051 2551 1133 reperiuntur⁴⁷),
2609 1047 3033 1133 praeferenda
3087 1047 3240 1114 mihi
3284 1048 3539 1114 videtur
3578 1047 3774 1114 Keilii
3817 1046 4161 1126 sententia,

579 1173 994 1241 Consentium
1041 1191 1118 1237 ex
1160 1171 1434 1237 Charisii
1479 1171 1869 1253 auctoribuS,
1913 1189 2040 1238 non
2086 1189 2165 1236 ex
2204 1171 2327 1235 hoc
2368 1169 2514 1250 ipso
2558 1169 2857 1235 hausisse
2902 1167 3007 1254 (cf.
3050 1167 3160 1233 Gr.
3204 1167 3317 1233 lat.
3362 1168 3438 1248 V,
3482 1167 3659 1252 336).

833 1294 1313 1374 Anonymum
1357 1310 1435 1357 ex
1477 1289 1748 1357 Charisii
1792 1289 1967 1356 fonte
2008 1287 2308 1354 hausisse
2350 1307 2479 1356 non
2524 1288 2730 1354 solum
2772 1286 3076 1354 tredecim
3122 1286 3449 1369 exemplis,
3494 1303 3659 1368 quae
3702 1285 3758 1351 ei
3808 1303 3948 1350 cum
3994 1283 4157 1350 Cha-

577 1410 733 1476 risio
791 1410 1145 1476 communia
1203 1413 1505 1493 suntw),
1565 1409 1682 1475 sed
1728 1409 1918 1475 etiam
1974 1408 2099 1473 alio
2145 1408 2622 1474 demonstratur
2667 1424 3010 1487 consensu,
3072 1405 3242 1488 quod
3288 1411 3553 1486 uterque
3594 1399 4047 1487 ‘parenthesin’
4091 1409 4161 1470 et

579 1523 1136 1611 ‘prosparalepsin'
1179 1529 1485 1612 appellat,
1526 1510 1901 1610 quae'apud
1930 1528 2272 1607 Donatum,
2313 1525 2745 1606 Consentium,
2790 1525 3201 1592 Sacerdotem
3243 1518 3653 1606 ‘epenthesis'
3693 1530 3760 1589 et
3801 1517 4158 1606 ‘paragoge'

581 1646 1025 1728 nominantur;
1089 1652 1283 1729 atque
1345 1647 1822 1730 episynaliphe‚
1883 1645 2257 1724 antithesis,
2319 1645 2697 1712 metathesis
2756 1645 2837 1710 ab
2881 1648 3153 1727 utroque
3211 1643 3599 1709 definiuntur
3652 1643 3880 1708 iisdem
3924 1640 4157 1707 verbis,

581 1768 982 1847 Anonymum
1026 1785 1184 1834 vero
1229 1787 1310 1833 ne
1350 1766 1517 1834 forte
1562 1765 1890 1832 Diomedis
1933 1764 2133 1831 libros
2179 1763 2600 1846 exscripsisse
2642 1769 2851 1853 puteS,
2894 1763 3277 1830 monendum
3324 1768 3443 1842 est,
3486 1761 3655 1847 quod
3699 1761 3856 1826 nihil
3902 1760 4159 1826 exhibet

584 1905 662 1952 ex
704 1885 816 1967 iia,
878 1903 1042 1967 quae
1085 1886 1430 1952 Diomedes
1485 1885 1731 1952 auctori
1777 1883 2049 1952 Charisii
2091 1883 2360 1950 addidit.
2449 1883 2620 1965 quod
2666 1881 2832 1946 enim
2891 1900 2968 1947 ex
3012 1881 3218 1948 tribus
3275 1881 3582 1964 exemplis
3624 1880 4010 1963 Vergilianis
4032 1879 4158 1964 ⁴⁹),

581 2020 848 2086 quorum
892 2023 1088 2070 unum
1134 2023 1464 2072 commune
1507 2004 1708 2071 habet
1749 2007 2120 2086 Anonymus
2166 2019 2307 2067 cum
2351 2002 2663 2068 Diomede
2709 2005 2772 2067 et
2816 2001 3103 2082 Donate,
3147 2002 3274 2068 duo
3318 2000 3495 2083 apud
3536 2000 3908 2065 Diomedem
3952 1999 4156 2064 solum

578 2123 878 2204 redeunt,
921 2123 1092 2189 hunc
1137 2125 1216 2189 ab
1262 2125 1593 2206 Anonymo
1639 2122 1996 2190 adhibitum
2038 2139 2186 2188 esse
2229 2139 2630 2204 nequaquam
2677 2119 2977 2201 efficitur3
3040 2121 3231 2185 immo
3274 2139 3426 2185 vero
3471 2139 3512 2186 a
3554 2119 3841 2186 Charisio
3883 2121 4161 2200 possunt

579 2259 726 2308 esse
781 2242 1038 2308 omissa.
1124 2244 1337 2324 ipsum
1392 2249 1607 2310 autem
1653 2242 2012 2308 Charisium
2056 2243 2389 2322 Anonymo
2447 2257 2576 2305 non
2620 2244 2883 2322 praesto
2937 2237 3139 2305 fuisse
3183 2259 3260 2304 ex
3302 2239 3625 2305 nonnullis
3671 2243 3942 2320 apparet
3986 2237 4159 2302 diffe-

577 2361 804 2427 rentiis
859 2362 1253 2428 huiusmodi:
1315 2357 1420 2428 ‘et
1460 2382 1610 2428 non
1654 2367 1942 2428 temnere
1985 2357 2188 2427 divos'
2240 2359 2458 2441 (Proh.
2502 2378 2553 2424 s.
2585 2365 2629 2424 t.
2674 2358 2757 2424 de
2798 2357 3089 2443 aphaer.)
3146 2365 3213 2424 et
3261 2351 3566 2424 ‘temnere
3624 2354 3829 2423 divos'
3884 2355 4159 2442 (Char.);

541 2475 670 2544 ·‘ut
699 2481 1119 2563 Vergilius:
1163 2475 1396 2564 aspice'
1439 2487 1558 2547 cet.
1604 2480 1817 2566 (Prob.
1855 2499 1904 2544 s.
1936 2485 1981 2545 t.
2015 2480 2098 2545 de
2133 2479 2449 2562 apocope)
2497 2483 2562 2543 et
2591 2472 2683 2542 ‘ut
2715 2472 2946 2560 aspice’
2983 2476 3259 2561 (Char.);
3302 2471 3442 2542 ‘hoc
3472 2482 3573 2544 est
3616 2495 3825 2544 suam
3869 2471 4150 2541 domum’

581 2598 794 2682 (Proh.
828 2600 868 2664 l.
889 2599 960 2684 l.)
991 2606 1055 2665 et
1080 2595 1222 2665 ‘hoc
1252 2605 1354 2666 est
1387 2596 1666 2666 domum’
1705 2598 1982 2685 (Char.);
2025 2592 2280 2666 ‘ectasis
2312 2603 2433 2679 est,
2462 2614 2603 2662 cum
2635 2615 2773 2678 per
2802 2596 3209 2662 licentiam
3239 2597 3452 2663 brevis
3483 2591 3875 2679 producitur’
3914 2593 4159 2680 (Proh.)

581 2722 647 2784 et
686 2710 938 2784 ‘ectasis
973 2724 1094 2800 est,
1137 2738 1278 2784 cum
1315 2725 1610 2802 correpta
1645 2719 1895 2802 syllaba
1937 2722 2215 2783 contra
2255 2716 2642 2782 rationem
2686 2703 3078 2799 producithr'
3117 2715 3381 2798 (chan),
3426 2715 3501 2781 cf.
3534 2715 3855 2782 Diomed.:
3902 2708 4155 2779 ‘ectasis

707 2887 750 2917 .,
794 2855 935 2903 cum
979 2844 1272 2921 correpta
1317 2837 1565 2922 syllaba
1610 2844 1895 2904 contra
1936 2837 2333 2904 rationem
2377 2854 2515 2918 per
2557 2834 2964 2900 licentiam
3010 2831 3427 2917 producitur’.

837 2956 1226 3023 Sacerdos
1273 2957 1545 3039 denique
1589 2976 1732 3023 cum
1762 2958 2016 3022 Donato
2061 2955 2236 3021 nullo
2278 2955 2471 3020 modo
2514 2954 2609 3019 ita
2652 2953 2990 3034 consentit,
3038 2959 3109 3019 ut
3152 2959 3475 3020 auctorem
3520 2952 3657 3019 eius
3704 2956 3963 3019 secutus
4009 2970 4155 3017 esse

579 3075 820 3156 possit,
865 3094 1006 3140 cum
1049 3081 1306 3158 praeter
1347 3077 1604 3140 nomina
1649 3076 2044 3158 singulorum
2087 3072 2651 3156 metaplasmorum
2696 3091 2929 3154 graeca
2972 3071 3129 3138 nihil
3172 3073 3528 3155 praebeant
3572 3071 3989 3137 communiter
4030 3071 4157 3136 nisi

578 3195 705 3259 tria
735 3194 1026 3275 exempla
1053 3194 1241 3260 haec:
1286 3188 1657 3276 ‘relliquias’
1696 3213 1746 3260 s.
1779 3200 1824 3260 t.
1857 3194 1937 3259 de
1969 3193 2244 3275 epenth.,
2287 3186 2417 3256 ρ0111
2446 3211 2564 3274 pro
2592 3186 2702 3257 illi’
2748 3211 2799 3258 s.
2830 3198 2876 3258 t.
2918 3193 3002 3258 de
3033 3191 3282 3271 antith.,
3326 3193 3513 3274 Verg.
3546 3193 3617 3257 A.
3652 3193 3710 3271 6,
3743 3191 3869 3257 803
3914 3209 3965 3255 s.
3994 3194 4041 3255 t.
4073 3191 4153 3255 de

578 3312 905 3396 episynal.,
950 3332 1218 3396 quorum
1264 3313 1553 3379 ultimum
1599 3313 1794 3379 etiam
1826 3313 1998 3395 apud
2031 3311 2386 3378 Charisium
2434 3311 2669 3393 (Proh,
2700 3311 3016 3395 Diomed.)
3061 3311 3345 3378 recurrit.
3432 3328 3576 3377 cum
3607 3309 3898 3376 Charisio
3934 3310 4156 3376 Sacer-

579 3431 715 3498 doti
758 3433 1053 3499 convenit
1095 3433 1289 3499 etiam
1334 3432 1417 3498 de
1462 3432 1820 3498 definiendo
1865 3432 2317 3513 metaplasmo,
2377 3430 2649 3512 systole,
2710 3430 3049 3512 antithesi3
3109 3430 3277 3497 sicut
3317 3429 3453 3496 fere
3496 3429 3731 3512 ubique
3774 3429 3999 3495 eadem
4043 3428 4154 3494 de-

575 3551 837 3617 finiendi
893 3551 1097 3617 forma
1156 3546 1304 3636 (‘est
1363 3549 1560 3636 cum')
1619 3571 1776 3618 usus
1834 3557 1934 3618 est
1990 3557 2186 3633 atque
2238 3550 2364 3616 ille.
2449 3549 2601 3615 licet
2641 3550 2838 3631 igitur
2881 3550 3195 3617 Sacerdos
3240 3549 3515 3616 Charisii
3558 3549 3803 3615 auctori
3844 3547 4152 3613 nonnulla

577 3669 832 3751 debeat,
876 3676 1200 3752 tamquam
1247 3672 1471 3736 ducem
1517 3676 1730 3736 tamen
1777 3689 1921 3736 eum
1965 3689 2094 3736 non
2140 3675 2396 3736 secutus
2442 3675 2573 3750 est,
2617 3686 2759 3735 cum
2804 3687 2929 3735 non
2974 3668 3179 3735 solum
3222 3668 3597 3751 plerumque
3642 3667 3771 3734 alia
3812 3666 4151 3750 protulerit

579 3788 890 3871 exempla,
934 3792 1052 3855 sed
1087 3789 1278 3855 etiam
1315 3790 1603 3872 singulas
1647 3790 2215 3872 metaplasmorum
2259 3789 2509 3871 species
2554 3789 2637 3854 ad
2670 3790 2955 3856 ordinem
3000 3788 3396 3854 recensuerit
3423 3806 3463 3853 a
3492 3786 3766 3854 Charisii
3800 3786 4153 3866 diversum;

575 3907 797 3991 posuit
838 3908 1005 3974 enim
1051 3913 1117 3974 et
1159 3908 1446 3991 systolen
1500 3914 1652 3975 ante
1706 3909 1950 3976 ectasin
1996 3912 2088 3990 et,
2152 3926 2316 3990 quae
2373 3908 2548 3991 apud
2604 3908 2963 3975 Chai-isium
3020 3906 3526 3992 (Donatumque)
3585 3905 3877 3973 ultimum
3934 3910 4155 3972 tenent

834 4185 942 4264 47)
988 4184 1119 4244 dico
1163 4205 1286 4244 non
1327 4190 1448 4246 tam
1494 4184 1784 4261 exempla,
1830 4185 2048 4264 quibus
2091 4183 2360 4259 singulos
2401 4183 2664 4243 illustrat
2709 4182 3144 4260 metaplasmos,
3190 4201 3366 4262 quam
3410 4201 3513 4241 eos
3554 4181 3734 4256 locos,
3780 4182 3883 4240 ubi
3918 4181 4153 4241 disertis

579 4288 779 4347 verbis
835 4288 1080 4348 tradidit
1135 4289 1515 4367 antiquorum
1573 4285 2088 4363 grammaticorum
2146 4285 2458 4367 reliquias,
2521 4304 2674 4366 quae
2730 4284 2875 4344 alibi
2926 4305 3047 4344 non
3092 4290 3361 4345 servatae
3405 4291 3572 4357 sunt,
3636 4284 3806 4353 velut
3847 4303 3905 4360 p.
3940 4285 4078 4357 375,
4115 4289 4149 4342 8

582 4388 966 4466 (Palaemon),
1014 4390 1154 4464 375,
1194 4393 1258 4463 1,
1305 4395 1444 4464 390,
1480 4396 1516 4448 6
1563 4389 1722 4467 (Arr.
1766 4389 2023 4468 Celsus),
2071 4388 2212 4460 378,
2247 4392 2324 4446 23
2371 4387 2645 4466 (Pansa),
2692 4391 2947 4460 402,14
2993 4387 3256 4465 (Asper).
3342 4390 3521 4466 atque
3566 4387 3639 4445 de
3683 4403 4003 4460 consensu,
4049 4386 4153 4466 qui

579 4488 896 4552 intercedit
933 4493 1093 4552 inter
1137 4491 1519 4552 Consentium
1562 4498 1624 4552 et
1668 4489 2124 4563 Quintilianum,
2170 4490 2245 4550 of.
2290 4489 2423 4549 Birt
2462 4490 2527 4548 in
2571 4490 2724 4549 Mus.
2769 4489 2963 4548 Rhen.
3008 4507 3068 4547 ιι.
3100 4507 3144 4549 s.
3188 4508 3245 4548 v.
3277 4492 3377 4562 34,
3411 4494 3487 4548 21
3523 4509 3656 4569 sqq.

835 4594 942 4668 48)
986 4595 1059 4653 cf.
1104 4614 1147 4653 s.
1179 4599 1224 4654 t.
1268 4594 1341 4652 de
1387 4595 1627 4671 epenth.
1673 4593 1850 4668 Verg.
1881 4596 1953 4651 A.
1988 4597 2044 4667 3,
2075 4597 2229 4665 4093
2279 4597 2333 4666 8,
2369 4597 2509 4650 630.
2570 4592 2643 4651 de
2678 4591 2915 4667 aphaer.
2962 4590 3141 4668 Verg.
3172 4594 3244 4649 A.
3280 4595 3335 4664 6,
3370 4595 3511 4651 620.
3570 4591 3642 4650 de
3678 4610 3941 4670 syncope
3986 4594 4058 4650 A.
4094 4596 4151 4665 4,

583 4697 725 4752 682.
792 4693 863 4751 de
907 4711 1170 4771 apocope
1215 4701 1284 4754 A.
1324 4699 1428 4770 10,
1462 4700 1617 4769 481;
1661 4697 1814 4754 Ειιιι.
1847 4713 1983 4756 ann.
2018 4700 2158 4754 563.
2204 4697 2278 4755 de
2322 4693 2505 4754 ectasi
2544 4696 2618 4753 A.
2656 4696 2885 4767 1,199.
2951 4694 3023 4753 de
3067 4681 3319 4752 diaeresi
3362 4695 3434 4752 A.
3475 4698 3543 4767 9,
3576 4699 3676 4755 26.
3743 4694 3816 4753 de
3860 4694 4151 4771 episynal.

576 4799 654 4854 A.
701 4800 767 4868 6,
809 4799 948 4856 803.
1017 4797 1090 4856 de
1133 4797 1321 4875 synal.
1366 4801 1437 4856 A.
1470 4803 1528 4872 9,
1566 4802 1620 4858 1.
1686 4798 1758 4856 de
1803 4798 2044 4876 ecthlip.
2090 4802 2164 4858 A.
2204 4803 2253 4871 1,
2287 4802 2345 4856 3.
2413 4796 2486 4854 de
2529 4795 2742 4856 antith.
2789 4794 2964 4856 Ovid.
3003 4795 3146 4857 Met.
3180 4799 3246 4869 3,
3280 4795 3382 4855 79.
3446 4796 3519 4855 de
3564 4797 3808 4856 metath.
3854 4796 4031 4871 Verg.
4075 4797 4151 4854 A.

583 4902 660 4956 10
713 4901 854 4958 394.

662 4941 679 4970 ,
836 4999 939 5076 49)
985 5019 1031 5060 s.
1063 5006 1106 5060 t.
1153 4999 1225 5058 de
1267 5000 1489 5076 systole
1533 5000 1707 5078 Verg.
1741 5007 1814 5062 A.
1849 5008 1905 5076 4,
1940 5006 2037 5064 52.
2097 5003 2171 5062 de
2214 5000 2539 5080 prosparal.
2582 5003 2655 5060 A.
2690 5005 2747 5075 4,
2780 5003 2923 5059 493.
2992 4999 3066 5060 de
3108 4999 3357 5061 diaeresi
3401 5003 3475 5062 A.
3508 5003 3563 5074 3,
3599 5003 3741 5060 354.
