4817 5934
2207 587 2515 666 -·1g
2618 633 2723 646 ..-

675 793 948 858 collatas
991 792 1465 872 examinaverit,
1506 793 1626 859 hos
1673 793 2122 874 grammaticos
2167 811 2245 859 ex
2289 794 2513 859 eodem
2554 791 2733 858 fonte
2776 792 3075 858 hausisse
3118 789 3505 856 contendere
3549 795 3784 871 potest.
3872 790 3989 855 sed
4034 789 4253 856 Chari-

672 912 838 976 sium
883 930 959 976 eo
1004 912 1166 976 libro
1207 931 1394 976 usum
1441 930 1604 992 esse,
1649 931 1727 978 ex
1772 931 1896 994 quo
1941 912 2284 978 Diomedes
2330 931 2443 978 eas
2488 910 2891 977 definitiones
2936 909 3229 992 sumpsit,
3272 908 3501 992 quibus
3535 908 3879 992 praecipue
3912 908 4073 973 illud
4114 902 4255 973 ‘est

674 1027 856 1095 cum'
892 1031 1218 1112 proprium
1250 1037 1370 1111 est,
1414 1031 1733 1096 Donatum
1779 1049 1928 1096 vero
1977 1050 2055 1096 ex
2099 1030 2301 1096 altero
2333 1031 2661 1096 Diomedis
2706 1029 2881 1095 fonte
2927 1030 3280 1096 doctrinam
3326 1045 3508 1096 suam
3555 1005 3884 1094 derivasse
3920 1045 3999 1092 ex
4028 1028 4253 1094 tabula

672 1155 898 1214 nostra
957 1149 1116 1215 satis
1177 1167 1494 1231 superque
1553 1150 1939 1232 perspicitur
1999 1148 2104 1233 (cf.
2149 1168 2210 1231 p.
2241 1149 2326 1215 22
2357 1149 2500 1233 sq.).
2589 1155 2781 1231 atque
2834 1149 3150 1231 quomodo
3194 1147 3541 1213 Diomedes
3598 1152 3929 1214 auctorum
3990 1167 4249 1216 suorum

672 1267 1024 1332 doctrinam
1071 1267 1472 1348 conflaverit,
1517 1271 1735 1334 statim
1780 1289 1855 1334 ex
1897 1269 2103 1350 ipsius
2147 1268 2553 1350 metaplasmi
2596 1266 2965 1332 definitione
3009 1285 3085 1331 ex
3130 1267 3364 1332 Donati
3410 1273 3671 1332 auctore
3714 1273 3973 1352 sumpta
4012 1269 4246 1350 elucet;

671 1387 773 1451 cui
815 1387 1012 1452 verba
1050 1382 1183 1452 ‘aut
1228 1388 1476 1453 decoris
1521 1406 1718 1452 causa
1760 1384 2052 1469 figurata’
2093 1407 2172 1452 ex
2201 1386 2473 1452 Charisii
2518 1393 2781 1452 auctore
2819 1386 3063 1452 inserta
3102 1385 3393 1470 sunt⁸⁶).
3456 1386 3749 1452 similiter
3776 1387 3841 1452 in
3874 1388 4251 1472 explicanda

672 1506 1010 1586 aphaeresi
1055 1506 1239 1571 alteri
1284 1504 1667 1584 definitioni,
1726 1525 1766 1570 a
1810 1506 2044 1572 Donati
2089 1511 2350 1571 auctore
2395 1505 2753 1580 derivatae,
2800 1505 3127 1570 adduntur
3168 1504 3363 1572 verba
3405 1498 3563 1569 ‘cum
3612 1511 3725 1570 aut
3767 1505 3983 1572 littera
4026 1529 4248 1592 ampu-

668 1631 844 1689 tatur
886 1633 998 1690 aut
1043 1624 1294 1708 syllaba
1336 1621 1671 1703 aufertur’,
1731 1625 1869 1690 sine
1914 1625 2106 1690 dubio
2152 1643 2228 1689 ex
2273 1624 2547 1690 Charisii
2590 1623 2766 1690 fonte
2810 1625 3076 1703 hausta,
3138 1624 3306 1690 sicut
3348 1623 3585 1688 factum
3631 1633 3733 1689 est
3775 1625 3840 1690 in
3888 1627 4249 1695 definienda

667 1761 983 1826 apocope,
1046 1745 1153 1808 ubi
1193 1744 1384 1809 simili
1429 1745 1618 1808 modo
1664 1743 2126 1823 definitionem,
2187 1762 2354 1825 quae
2399 1743 2635 1809 Donati
2678 1743 2923 1809 auctori
2968 1743 3265 1823 debetur,
3328 1743 3651 1825 excipiunt
3694 1745 3889 1810 verba
3927 1741 4089 1812 ‘cum
4136 1753 4249 1814 aut

665 1863 884 1928 littera
928 1863 1286 1928 detrahitur
1331 1870 1444 1927 aut
1489 1861 1786 1944 syllaba’,
1849 1881 2013 1944 quae
2059 1868 2314 1928 exstant
2357 1860 2553 1928 etiam
2597 1865 2771 1945 apud
2816 1863 3193 1930 charisium.
3282 1864 3454 1944 quod
3498 1872 3713 1928 autem
3756 1863 3870 1928 illa
3926 1860 4087 1930 ‘cum
4132 1875 4249 1932 aut

667 1981 886 2046 littera
943 1986 1314 2062 amputatur
1371 1989 1485 2047 aut
1539 1982 1791 2063 syllaba
1847 1979 2147 2046 aufertur'
2201 1984 2373 2063 apud
2420 1981 2533 2047 Ch.
2578 2000 2701 2048 non
2746 1982 3192 2061 inveniuntur,
3252 1999 3654 2064 nequaquam
3712 1983 4001 2064 sequitur
4058 2003 4136 2048 ea
4178 1985 4245 2050 in

668 2101 982 2166 communi
1027 2101 1202 2166 fonte
1246 2101 1518 2166 Charisii
1563 2106 1628 2166 et
1669 2101 1998 2166 Diomedis
2044 2119 2170 2166 non
2214 2101 2561 2180 exstitisse,
2604 2104 2720 2166 sed
2768 2102 2939 2182 apud
2984 2100 3095 2166 Ch.
3139 2107 3289 2165 sunt
3330 2101 3585 2166 omissa.
3674 2120 3814 2167 cum
3862 2102 4025 2168 enim
4072 2104 4245 2185 apud

669 2239 812 2284 eum
858 2221 1180 2301 legamus:
1238 2214 1649 2302 ‘Aphaeresis
1694 2225 1798 2284 est
1839 2237 2042 2301 aeque
2086 2219 2402 2302 generalis
2446 2219 2909 2301 metaplasmus
2955 2221 3063 2303 qui
3108 2219 3179 2284 fit
3222 2239 3340 2302 per
3384 2222 3878 2301 detractionem,
3940 2223 4053 2287 sed
4100 2241 4245 2304 spe-

669 2338 915 2403 cialiter
959 2340 1053 2404 sic
1096 2339 1501 2405 observatur:
1567 2340 1776 2420 prima
1819 2343 2004 2419 parte
2050 2338 2374 2419 dictioniS,
2422 2344 2491 2403 ut
2532 2334 2835 2405 ‘temnere
2880 2337 3085 2405 divos’
3138 2359 3257 2422 pro
3298 2333 3760 2421 ‘contemnere’,
3806 2342 4244 2424 unusquisque

665 2457 984 2540 intellegit
1043 2458 1238 2523 verba
1289 2451 1514 2539 ‘prima
1573 2465 1759 2539 parte
1818 2455 2140 2522 dictionis'
2191 2476 2317 2522 non
2362 2459 2677 2540 integram
2723 2458 3047 2524 continere
3092 2457 3519 2524 definitionem
3564 2461 3679 2524 sed
3724 2461 4099 2527 mutilatam.
4186 2462 4245 2528 si

668 2593 818 2640 vero
851 2575 1177 2642 Diomedis
1222 2577 1434 2642 verbis
1481 2595 1622 2642 cum
1665 2577 1766 2641 his
1815 2577 2173 2642 coniunctis
2221 2576 2583 2642 scribimus:
2646 2571 3031 2659 ‘specialiter
3076 2578 3169 2642 sic
3214 2577 3619 2643 observatur:
3682 2580 4083 2663 (aphaeresis
4115 2583 4243 2667 est)

669 2694 858 2781 (cum)
904 2696 1110 2777 prima
1153 2701 1338 2778 parte
1386 2697 1679 2762 dictionis
1728 2695 1864 2780 <aut
1907 2695 2125 2760 littera
2169 2702 2539 2777 amputatur
2583 2703 2696 2760 aut
2740 2696 2989 2777 syllaba
3034 2693 3386 2780 aufertur)’,
3444 2699 3657 2762 omnia
3700 2698 3860 2764 bene
3907 2702 4242 2782 quadrant,

663 2833 872 2896 neque
917 2814 1160 2894 dubim,
1204 2818 1353 2897 quin
1399 2816 1558 2880 haec
1602 2815 1665 2880 in
1713 2814 2029 2879 communi
2071 2814 2247 2878 fonte
2293 2813 2386 2880 ita
2430 2815 2684 2896 prolata
2726 2811 2983 2880 fuerint.

920 2934 1202 2999 Duorum
1250 2939 1578 2998 auctorum
1627 2933 2030 2999 definitiones
2076 2952 2115 2998 a
2159 2933 2470 2999 Diomede
2515 2935 2886 3001 coniunctae
2932 2940 3080 3000 sunt
3136 2935 3327 3000 etiam
3379 2954 3429 3000 S.
3475 2936 3572 3001 tit.
3616 2937 3699 3002 de
3744 2939 4099 3021 epenthesi,
4162 2942 4243 3008 de

665 3055 884 3134 ectasi,
929 3054 1010 3119 de
1041 3053 1302 3135 systole,
1348 3053 1429 3116 de
1461 3053 1812 3134 synaliphe,
1857 3051 1962 3116 ubi
2006 3053 2070 3115 in
2104 3052 2314 3117 verbis
2357 3048 2723 3137 ‘Synaliphe
2768 3060 2870 3119 est
2914 3053 3177 3119 conlisio
3223 3105 3237 3118 .
3270 3105 3284 3120 .
3316 3105 3331 3120 .
3379 3058 3884 3122 concurrentium
3928 3060 4241 3126 vocalium

659 3223 684 3238 .
715 3221 730 3239 .
765 3195 810 3254 .;
872 3173 1032 3238 haec
1077 3189 1116 3235 a
1160 3171 1539 3252 quibusdam
1586 3171 1891 3252 syncrisis
1935 3169 2316 3237 nominatur’
2370 3180 2687 3254 apparent
2730 3175 3003 3256 vestigia
3047 3173 3280 3240 Donati
3326 3179 3635 3255 auctoris3
3697 3196 3773 3241 ex
3818 3178 4020 3243 altero
4064 3179 4242 3246 fonte

662 3291 765 3358 his
795 3293 1038 3358 inserta
1066 3296 1218 3354 sunt
1247 3291 1430 3356 haec:
1475 3285 1658 3372 ‘quae
1701 3289 1774 3354 fit
1819 3307 1960 3355 cum
2006 3292 2274 3356 duarum
2321 3343 2334 3357 .
2367 3343 2382 3358 .
2416 3342 2431 3356 .
2476 3294 2684 3358 altera
2725 3293 2984 3360 eliditur
3028 3343 3043 3357 .
3076 3343 3089 3358 .
3121 3343 3135 3358 .
3179 3293 3281 3358 hic
3326 3295 3491 3358 enim
3538 3313 3729 3358 unum
3776 3314 3813 3360 e
3844 3300 4238 3376 praecedens

664 3410 914 3477 excludi
957 3427 1224 3476 necesse
1270 3407 1415 3474 est’.
1505 3409 1844 3474 nonnullas
1891 3429 2043 3475 vcro
2092 3409 2526 3490 definitioneS,
2570 3419 2642 3475 ut
2686 3430 3037 3494 syncopeS,
3085 3411 3478 3489 diaereseOS,
3524 3412 3943 3494 ecthlipseOS,
3987 3415 4243 3498 episyn-

664 3530 930 3610 aliphes,
973 3534 1148 3594 totas
1182 3528 1370 3594 debet
1399 3529 1742 3594 Diomedes
1775 3529 2019 3594 auctori
2050 3528 2287 3594 Donati
2309 3533 2434 3612 ⁸⁶),
2478 3547 2618 3594 cum
2657 3528 3088 3596 definitionem
3134 3531 3704 3613 prosparalepseos
3751 3537 3815 3598 et
3844 3533 4241 3601 antitheseos

659 3649 973 3731 integram
1015 3648 1416 3713 transtulerit
1461 3667 1537 3712 ex
1578 3648 1755 3714 fonte
1798 3647 2087 3713 Charisii.

915 3763 1046 3834 Sed
1093 3773 1351 3849 praeter
1397 3767 1558 3832 duos
1600 3767 1720 3831 hos
1767 3771 2064 3831 auctores
2110 3765 2419 3830 tertium
2464 3765 2529 3830 in
2576 3768 3021 3849 supplemento
3066 3768 3378 3851 adhibuit,
3424 3771 3524 3836 cui
3572 3771 3763 3838 debet
3808 3792 3971 3854 quae
4014 3773 4237 3837 ultimo

663 3887 804 3952 loco
837 3888 1018 3952 addit
1051 3888 1130 3952 de
1160 3886 1548 3968 protheseon
1581 3886 1929 3967 parallage,
1975 3903 2138 3966 quae
2186 3903 2309 3950 non
2356 3885 2561 3950 solum
2608 3904 2813 3968 neque
2861 3888 3033 3968 apud
3079 3887 3190 3954 Ch.
3238 3908 3444 3972 neque
3486 3893 3662 3974 apud
3706 3892 4024 3956 Donatum
4070 3905 4235 3951 com-

663 4011 1049 4072 memoratur
1069 4009 1134 4048 ³⁷
1147 4006 1205 4090 ),
1267 4006 1384 4071 sed
1429 4005 1622 4070 etiam
1667 4023 1933 4085 prorsus
1979 4004 2280 4070 abhorret
2323 4023 2364 4070 a
2407 4004 2655 4070 ratione
2700 4011 2768 4070 et
2812 4007 3069 4088 ordine,
3130 4010 3215 4073 ad
3261 4028 3447 4090 quem
3494 4010 3784 4090 singulae
3828 4003 4231 4084 metaplasmi

659 4125 909 4206 species
954 4125 1018 4190 in
1061 4123 1239 4190 fonte
1281 4124 1583 4206 primario
1629 4125 1918 4206 prolatae
1962 4130 2147 4189 erant
2189 4124 2296 4206 (cf.
2341 4142 2541 4206 supra
2582 4144 2643 4207 p.
2678 4125 2804 4209 17).
2890 4125 2957 4190 in
3003 4127 3123 4192 hac
3166 4134 3379 4193 autem
3423 4126 3629 4208 figura
3670 4123 3801 4189 fere
3844 4123 3928 4188 ad
3973 4121 4234 4187 verbum

659 4351 906 4410 latinam
949 4351 1190 4410 videtur
1231 4350 1553 4426 scripsisse,
1601 4349 1954 4408 Remmius
1999 4347 2417 4407 Palaemon?
2460 4348 2523 4408 in
2562 4369 2737 4429 quem
2772 4351 2925 4408 bono
2962 4351 3229 4431 quadrat,
3277 4348 3434 4429 quod
3468 4347 3742 4424 exempla
3771 4347 4121 4428 plerumque
4157 4365 4236 4406 ex

663 4451 911 4528 Vergilii
955 4453 1125 4510 libris
1168 4453 1356 4528 petita
1399 4459 1553 4526 sunt,
1599 4471 1732 4510 cum
1778 4451 1938 4510 hunc
1979 4459 2212 4528 poetam
2259 4453 2332 4510 ab
2375 4451 2481 4510 illo
2526 4450 2769 4529 plurimi
2812 4452 3215 4512 existimatum
3258 4467 3388 4510 esse
3429 4449 3571 4508 inde
3614 4456 3796 4526 patet,
3842 4451 3999 4531 quod
4045 4451 4119 4509 ab
4164 4467 4235 4509 oo

658 4545 870 4632 ‘poeta’
921 4547 1051 4612 κατ’
1102 4547 1307 4629 ἐξοχήν
1350 4555 1704 4614 nominatur.
1793 4553 1866 4613 cf.
1913 4554 2149 4614 Schoell
2189 4555 2255 4613 in
2301 4555 2453 4614 Mus.
2500 4555 2691 4612 Rhen.
2738 4573 2794 4614 v.
2830 4558 2927 4627 34,
2971 4572 3031 4631 p.
3066 4559 3187 4612 630
3220 4573 3352 4633 sqq.

917 4657 1022 4733 35)
1064 4656 1366 4734 inspicias,
1411 4675 1648 4736 quaeso,
1691 4656 1953 4716 tabulam
1997 4675 2054 4732 p.
2090 4662 2187 4716 22.

921 4758 1026 4836 36)
1071 4759 1188 4819 nisi
1233 4760 1390 4838 quod
1434 4759 1498 4817 in
1545 4760 1876 4818 diaereseos
1932 4758 2278 4819 definitione
2328 4761 2524 4819 forma
2574 4748 2843 4820 ‘divisae’
2892 4758 3093 4835 potius
3148 4776 3228 4816 ex
3270 4757 3557 4818 dividitur
3602 4757 3880 4835 (Charis.)
3939 4775 4115 4837 quam
4160 4774 4237 4814 ex

657 4852 854 4921 ‘facta'
905 4861 1175 4937 (Donat.)
1215 4862 1455 4922 videtur
1501 4865 1630 4922 orta
1673 4879 1820 4920 osse.

921 4963 1026 5041 37)
1068 4964 1338 5024 Donatus
1382 4969 1579 5024 autem
1623 4963 1696 5022 de
1739 4965 1944 5022 eadem
1983 4979 2052 5022 re
2095 4962 2220 5038 agit
2259 4962 2326 5022 iu
2369 4963 2676 5024 tractando
2721 4963 3069 5024 soloecismo
3112 4982 3170 5039 p.
3204 4967 3346 5036 393,
3378 4967 3477 5021 22.
