4817 5934
2181 1888 2390 2014 Gap.
2450 1888 2520 1983 1.

802 2131 876 2210 Q.
921 2130 1379 2196 Terentium
1424 2129 1795 2196 Scaurum
1815 2133 1907 2214 ¹),
1952 2128 2266 2196 Hadriani
2311 2128 2707 2211 temporibus
2750 2125 3237 2210 grammaticum
3281 2127 3383 2192 vel
3428 2125 3891 2192 nobilissimum
3937 2126 4133 2212 (Gell.

543 2251 729 2317 Noct.
773 2254 891 2316 att.
933 2249 1060 2333 XI,
1108 2249 1219 2330 15,
1264 2249 1334 2334 3)
1355 2249 1419 2334 ²)
1464 2253 1529 2314 et
1569 2249 1774 2332 ipsius
1818 2247 2134 2315 Hadriani
2178 2247 2660 2332 grammaticum
2706 2247 2855 2328 (Iul.
2900 2245 3170 2329 Capitol.
3216 2245 3279 2310 in
3324 2245 3493 2312 Vero
3536 2246 3608 2328 2,
3648 2247 3752 2330 5),
3810 2245 3921 2328 qui
3964 2263 4133 2312 com-

545 2369 896 2436 mentarios
941 2369 1006 2434 in
1051 2367 1349 2434 Plautum
1392 2367 1498 2449 (cf.
1543 2368 1877 2434 Ritschelii
1921 2367 2178 2450 Parerg.
2224 2368 2353 2438 374
2382 2369 2571 2450 sqq.),
2613 2366 2678 2432 in
2724 2365 3077 2448 Vergilium
3122 2363 3229 2449 (cf.
3271 2363 3572 2430 Ribbeck.
3606 2365 3790 2448 proll.
3834 2365 3903 2430 in
3937 2366 4133 2448 Verg.

546 2489 665 2556 171
701 2492 845 2572 sq.),
890 2487 956 2553 in
986 2486 1240 2553 Horatii
1283 2486 1480 2552 libros
1525 2485 1743 2554 decem
1766 2488 1828 2572 ³)
1875 2486 2235 2570 composuit
2278 2485 2663 2568 scripsitque
2708 2486 2790 2550 de
2819 2484 3117 2550 Caesellii
3160 2484 3503 2565 erroribus,
3546 2484 3628 2550 de
3673 2485 4133 2567 orthographia.

546 2607 687 2692 (Gr.
732 2607 844 2674 lat.
890 2606 1030 2688 VII,
1074 2626 1135 2689 p.
1171 2608 1247 2670 11
1287 2605 1615 2700 sqq.)‚qde
1658 2604 1892 2672 litteris
1937 2607 2120 2672 novis
2167 2605 2304 2690 (Gr.
2348 2605 2460 2671 lat.
2502 2605 2541 2670 l.
2574 2605 2613 2670 l.
2658 2605 2776 2686 33,
2824 2604 2969 2685 11),
3014 2604 3207 2668 etiam
3251 2608 3497 2670 artem
3540 2605 4129 2686 grammaticam

548 2726 985 2808 composuisse
1029 2726 1265 2791 docent
1309 2743 1448 2790 cum
1492 2723 1770 2790 frustula
1813 2726 1986 2806 apud
2021 2725 2393 2790 Diomedem
2440 2730 2507 2788 et
2544 2723 2833 2805 Sergium
2879 2723 3225 2805 (explanat.
3268 2722 3334 2787 in
3379 2723 3615 2788 Donati
3659 2724 3809 2806 art.)
3854 2727 4150 2820 servata,

550 2861 716 2926 quae
760 2863 837 2910 ex
878 2843 1056 2909 nullo
1101 2843 1226 2909 alio
1271 2843 1433 2910 libro
1481 2844 1604 2909 nisi
1649 2862 1727 2908 ex
1768 2837 1968 2910 ‘arte'
2011 2842 2275 2910 fluxisse
2331 2847 2625 2926 possunt,
2671 2847 2806 2907 tum
2853 2846 3110 2908 constat
3154 2842 3396 2907 diserto
3439 2841 3586 2908 Iulii
3627 2842 3897 2908 Romani
3941 2843 4129 2909 testi-

548 2962 759 3028 monio
809 2962 982 3045 apud
1029 2960 1386 3027 charisium
1433 2981 1495 3042 p.
1529 2963 1672 3043 131,
1705 2964 1770 3027 1:
1828 2957 2130 3028 ‘Scaurus
2173 2964 2237 3028 in
2275 2968 2450 3030 arte
2488 2961 2929 3067 grammatic
2944 2955 2999 3026 a’
3045 2965 3112 3026 et
3153 2979 3216 3043 p.
3251 2960 3391 3042 136,
3423 2960 3535 3027 16:
3592 2955 3820 3044 ‘inquit
3850 2961 4131 3030 Scaurus

548 3081 738 3147 artis
783 3079 1330 3162 grammaticae
1371 3077 1584 3145 libris’.

813 3255 868 3332 1)
915 3255 988 3312 de
1029 3254 1248 3313 Scauro
1294 3271 1486 3328 nuper
1527 3252 1792 3313 breviter
1836 3253 2164 3330 disputavit
2204 3251 2346 3310 Keil
2389 3251 2488 3312 Gr.
2519 3253 2619 3312 lat.
2650 3253 2791 3325 VII,
2837 3273 2896 3329 p.
2932 3255 2966 3312 7
2998 3273 3086 3333 sq.

805 3357 868 3434 2)
911 3354 1196 3416 Scaurum
1239 3355 1419 3415 etiam
1464 3355 1697 3415 saeculo
1743 3359 1955 3435 quarto
1999 3355 2158 3416 inter
2201 3355 2537 3432 praeclaros
2579 3355 2993 3430 grammaticos
3049 3360 3423 3416 numeratum
3466 3375 3594 3416 esse
3640 3361 3891 3418 testatur
3934 3363 4127 3417 Auso·

544 3460 680 3519 nius
725 3460 897 3537 epist.
943 3457 1042 3537 (ad
1085 3457 1364 3518 Ursulum
1409 3457 1738 3535 grammat.)
1791 3462 1884 3530 18,
1919 3461 2034 3516 25:

1675 3559 1888 3620 Ursule
1931 3559 2158 3634 collega
2199 3559 2419 3619 nobilis
2462 3559 2810 3632 Harmonio,

1306 3663 1654 3736 Harmonio,
1701 3683 1878 3743 quem
1923 3663 2224 3735 Claranus,
2269 3681 2445 3742 quem
2490 3661 2811 3722 Scaurus
2855 3667 2917 3721 et
2961 3665 3170 3738 Asper,

1309 3763 1500 3828 Quem
1545 3765 1659 3825 sibi
1705 3767 2006 3826 conferret
2047 3765 2234 3824 Varro
2280 3767 2563 3845 priorque
2608 3766 2827 3824 Crates.

548 3865 626 3958 ⁰f:
669 3870 732 3924 et
776 3867 998 3922 Auson.
1044 3864 1228 3939 praef.
1273 3866 1348 3923 ad
1391 3867 1595 3942 Syagr.
1640 3888 1696 3927 v.
1737 3873 1845 3927 18:

1675 3974 1737 4028 et
1777 3989 1996 4028 nomen
2039 3969 2404 4045 grammatici
2449 3969 2654 4044 merui,

1309 4068 1444 4128 Non
1487 4075 1610 4128 tam
1653 4071 1874 4145 grande
1919 4071 2176 4151 quidem,
2223 4090 2340 4152 quo
2385 4071 2576 4148 gloria
2617 4077 2823 4131 nostra
2864 4071 3091 4131 subiret

1306 4171 1625 4231 Aemilium
1670 4170 1774 4250 (sc.
1820 4174 2102 4251 Asprum)
2147 4180 2251 4234 aut
2291 4173 2574 4234 Scaurum
2614 4174 3042 4254 Berytiumque
3084 4171 3364 4233 Probum.

800 4274 864 4350 3)
911 4273 984 4335 cf.
1027 4273 1468 4349 Zangemeister
1507 4267 1618 4332 ‘De
1655 4275 1893 4336 Horatii
1925 4275 2176 4337 vocibus
2213 4269 2376 4350 sing?
2426 4297 2483 4352 p.
2518 4280 2787 4352 40—-42,
2835 4277 2939 4357 qui
2984 4275 3386 4352 adstipulante
3414 4273 3601 4335 Birtio
3646 4265 3756 4334 ‘De
3786 4275 4122 4338 halieuticis

551 4372 766 4434 Ovidio
811 4381 1022 4453 poetae
1063 4376 1214 4436 falso
1257 4369 1590 4453 adscriptis'
1632 4377 1716 4456 (p.
1756 4383 1872 4437 199
1905 4378 2019 4458 sq.)
2066 4397 2122 4455 p.
2156 4383 2236 4436 42
2279 4382 2443 4438 recte
2486 4379 2696 4440 statuit
2735 4380 3018 4439 Scaurum
3062 4397 3186 4436 non
3229 4383 3415 4438 artem
3458 4378 3754 4454 poeticam
3797 4378 4121 4454 scripsisse,

543 4464 665 4533 ‘sed
710 4475 775 4534 in
819 4477 1056 4538 Horatii
1099 4488 1374 4555 poemata
1415 4480 1616 4539 omnia
1655 4481 1744 4542 ita
1786 4487 2245 4542 commentatum
2289 4499 2447 4553 esse,
2506 4485 2576 4540 ut
2618 4481 2867 4556 singulis
2910 4480 3151 4540 Horatii
3193 4479 3363 4540 libris
3408 4480 3673 4556 singulos
3717 4481 4123 4540 commentarii

546 4574 733 4635 libros
775 4577 1080 4641 tribueret.
1170 4582 1390 4640 etenim
1436 4581 1486 4642 si
1531 4583 1646 4642 duo
1693 4602 2029 4643 sermonum
2073 4583 2274 4658 libros,
2320 4581 2684 4660 singularem
2728 4585 2978 4661 epodon,
3023 4587 3306 4663 quattuor
3351 4582 3692 4656 carminum,
3739 4583 3854 4642 duo
3900 4583 4123 4660 epistu-

545 4673 739 4737 larum
782 4684 844 4738 et
884 4679 1240 4755 singularem
1285 4684 1358 4742 de
1400 4690 1528 4744 arte
1569 4686 1805 4761 poetica
1847 4686 2284 4763 conputaveris,
2331 4688 2533 4746 decem
2577 4685 3132 4747 commentariorum
3172 4685 3239 4744 in
3280 4684 3600 4746 Horatium
3641 4684 3828 4745 libros
3870 4685 4128 4756 efficies;

545 4799 616 4840 ac
660 4780 910 4858 proinde
953 4783 1215 4843 decimus
1255 4784 1412 4846 liber
1453 4787 1526 4846 ad
1560 4793 1747 4848 artem
1792 4789 2079 4866 poeticam
2125 4789 2484 4865 pertinebat,
2530 4807 2707 4868 quam
2750 4787 3049 4866 prioribus
3092 4787 3377 4864 temporis
3418 4807 3558 4861 non,
3603 4790 3672 4847 ut
3698 4791 3921 4864 postea,
3964 4787 4127 4864 pone

549 4883 872 4943 carminum
913 4883 1101 4944 libros
1143 4891 1282 4946 ante
1327 4889 1549 4965 epodos
1590 4895 1695 4950 aut
1734 4896 1873 4968 post
1914 4911 2152 4952 carmen
2195 4891 2494 4952 saeculare
2547 4895 2686 4950 ante
2740 4909 3042 4952 sermones
3096 4898 3159 4952 et
3200 4889 3485 4968 epistulas
3540 4890 3622 4968 (v.
3653 4889 3883 4950 Bentl.⁸
3934 4890 4127 4966 praef.

546 4983 771 5046 XVIII
797 4985 916 5068 sq.)
961 4985 1302 5050 collocatam
1345 4991 1547 5065 fuisse,
1592 4993 1696 5053 sed
1740 4999 1876 5072 post
1918 4993 2202 5072 epistulas
2247 4999 2708 5056 consentaneum
2756 4985 2879 5055 est.’

3476 5116 3503 5170 1
