4817 5934
2173 609 2685 677 -53—

635 802 933 886 (Adelph.
963 801 1048 882 ΙΙ,
1079 803 1136 882 1,
1166 802 1278 884 31)
1319 796 1521 869 ‘mitte
1564 805 1694 869 ista
1739 807 1928 886 atque
1972 805 2056 870 ad
2099 823 2232 869 rem
2278 798 2433 868 redi’
2476 823 2591 884 pro
2638 805 2878 884 omitte,
2924 810 2989 870 et
3020 809 3093 868 ut
3121 803 3442 886 Vergilius
3491 805 3595 884 (A.
3627 804 3685 884 6,
3716 803 3871 886 620)
3914 798 4217 872 ‘temnere

637 916 836 988 divos'
880 940 998 1003 pro
1044 925 1462 987 contemnere.
1569 983 1574 990 .

889 1042 946 1106 6.
1033 1040 1404 1123 Syncope
1448 1047 1550 1105 est
1591 1041 1832 1107 ablatio
1878 1043 1958 1106 de
2001 1041 2214 1106 media
2261 1041 2539 1107 dictione
2586 1041 2905 1106 contraria
2950 1041 3303 1123 epenthesi,
3347 1047 3419 1106 ut
3458 1036 3801 1106 ‘audacter’
3854 1060 3971 1123 pro
4016 1042 4218 1108 auda-

633 1160 806 1240 citer,
851 1163 918 1226 et
959 1159 1296 1241 Terentius
1342 1157 1624 1242 (Phorm.
1659 1162 1714 1240 1,
1745 1159 1808 1240 2,·
1833 1159 1944 1244 51)
1987 1153 2377 1226 ‘commorat'
2430 1177 2545 1241 pro
2592 1167 3033 1226 commoverat.

891 1281 946 1343 7.
1033 1281 1409 1360 Apocope
1465 1284 1564 1344 est
1610 1279 1850 1344 ablatio
1897 1279 1976 1344 de
2019 1279 2146 1344 fine
2193 1279 2489 1344 dictionis
2548 1297 2877 1362 paragoge
2932 1280 3281 1360 contraria,
3343 1285 3414 1345 ut
3454 1275 3729 1344 ‘Achilli'
3780 1298 3897 1362 pro
3946 1279 4213 1346 Achillis

635 1403 698 1463 et
739 1390 929 1480 ‘pote'
980 1415 1096 1479 pro
1139 1403 1377 1478 potest.

893 1518 950 1583 8.
1037 1516 1362 1581 Ectasis
1421 1523 1522 1582 est
1577 1517 1864 1582 extensio
1910 1516 2197 1599 syllabae
2243 1523 2465 1583 contra
2509 1523 2800 1582 naturam
2844 1519 3055 1599 verbi,
3116 1525 3189 1583 ut
3228 1514 3501 1584 ‘Italiam
3547 1517 3681 1582 fato
3727 1515 4058 1601 profugus’
4113 1519 4215 1602 (V.

637 1636 710 1700 A.
749 1637 802 1716 1,
831 1635 920 1719 2),
965 1653 1104 1701 cum
1147 1635 1336 1701 Italia
1381 1641 1674 1718 correpte
1717 1636 1843 1703 dici
1889 1635 2138 1702 debeat.

893 1755 949 1819 9.
1038 1753 1366 1835 Systole
1410 1761 1511 1820 est
1554 1755 1868 1837 correptio
1913 1756 2233 1822 contraria
2279 1755 2510 1837 ectasi,
2570 1761 2641 1820 ut
2679 1751 2982 1836 ‘aquosus
3028 1751 3241 1822 Orion'
3286 1755 3393 1838 (V.
3426 1759 3498 1820 A.
3526 1759 3587 1836 4,
3620 1755 3767 1838 52),
3832 1773 3971 1820 cum
4019 1756 4214 1821 Orion

637 1874 944 1954 producte
987 1873 1110 1938 dici
1159 1874 1408 1939 debeat.

892 1992 990 2056 10.
1079 1991 1502 2058 Diaeresis
1549 2001 1650 2058 est
1693 1993 1987 2060 discissio
2033 1993 2324 2076 syllabae
2367 1995 2559 2058 unius
2600 1993 2667 2058 in
2715 1996 2878 2059 duas
2921 1993 3123 2076 facta,
3185 1999 3259 2058 ut
3316 1989 3445 2058 ‘olli
3490 1993 3827 2075 respondit
3869 2013 3982 2060 rex
4027 1994 4214 2059 Albai

628 2107 866 2194 longai'
917 2113 1109 2194 (Eun.
1140 2130 1283 2177 ann.
1320 2114 1374 2193 1,
1405 2113 1536 2192 34).

890 2234 988 2297 11.
1079 2231 1676 2314 Episynaliphe
1721 2238 1822 2296 est
1856 2232 2320 2314 conglutinatio
2359 2232 2626 2296 duarum
2664 2231 3052 2313 syllabarum
3089 2233 3153 2297 in
3189 2250 3379 2297 unam
3428 2230 3785 2318 (syllabam)
3832 2231 4021 2312 facta,
4068 2249 4215 2297 con-

631 2350 833 2414 traria
892 2349 1197 2430 diaeresi,
1261 2356 1331 2414 ut
1385 2345 1760 2416 ‘Phaethon’
1812 2370 1929 2433 pro
1974 2351 2304 2416 Phaethon
2367 2351 2602 2434 (Varro
2646 2353 2860 2418 Atac.:
2924 2351 3084 2417 Tum
3130 2356 3195 2418 te
3238 2349 3536 2434 flagranti
3580 2351 3897 2416 deiectum
3952 2349 4216 2416 fulmine

631 2467 984 2534 Phaethon.
1049 2468 1124 2534 cf.
1169 2469 1428 2547 Quintil.
1462 2472 1518 2551 1,
1549 2471 1606 2550 5,
1640 2472 1768 2552 17),
1811 2465 2046 2536 ‘Nerei'
2097 2489 2212 2552 pro
2257 2469 2446 2536 Nerei
2491 2472 2711 2553 (Verg.
2750 2475 2824 2535 A.
2856 2473 2915 2551 8,
2945 2471 3105 2536 383:
3149 2488 3329 2535 arma
3369 2489 3545 2553 rog0,
3590 2470 3877 2552 genetrix
3921 2477 4118 2562 nato.
4149 2474 4216 2534 te

629 2586 764 2652 filia
806 2588 1028 2670 Nerei)
1074 2595 1142 2654 et
1181 2583 1411 2654 ‘fixerit
1453 2587 1819 2672 aeripedem
1864 2607 2114 2654 cervam
2157 2585 2324 2654 licet'
2377 2590 2483 2670 (V.
2514 2591 2589 2652 A.
2623 2591 2681 2670 6,
2713 2589 2865 2672 802)
2912 2608 3029 2670 pro
3076 2591 3455 2670 aeripedem.

891 2708 988 2775 12.
1078 2707 1524 2790 Synaliphe
1569 2713 1670 2774 est
1703 2727 1818 2790 per
1849 2707 2376 2790 interceptionem
2412 2709 2914 2774 concurrentium
2954 2709 3267 2775 vocalium
3300 2709 3543 2774 lubrica
3576 2709 3891 2789 quaedam
3926 2709 4214 2788 lenisque

635 2825 918 2907 conlisi0‚
964 2832 1036 2892 ut
1076 2822 1288 2908 ‘atque
1333 2845 1409 2892 ea
1453 2827 1710 2893 diversa
1752 2829 2009 2909 penitus
2055 2831 2204 2892 dum
2250 2831 2437 2910 parte
2483 2822 2808 2908 geruntur’
2853 2829 2955 2912 (V.
2990 2831 3061 2894 A.
3094 2829 3153 2908 9,
3185 2829 3271 2912 1).
3362 2828 3519 2892 haec
3564 2846 3603 2892 a
3638 2826 4019 2908 quibusdam
4067 2843 4214 2908 syn-

633 2944 816 3010 crisis
862 2945 1242 3012 nominatur.

636 3124 745 3178 22:
790 3121 1149 3194 Aphaeresis
1182 3165 1194 3178 .
1223 3167 1234 3178 .
1263 3166 1275 3179 .
1311 3121 1578 3196 prothesi
1624 3153 1706 3163 —
1748 3131 1816 3180 ut
1844 3113 2126 3180 ‘temnere
2168 3168 2178 3178 .
2211 3165 2262 3178 ..
2303 3113 2726 3180 contemnere'.
2808 3121 3081 3180 Consent.
3117 3125 3257 3193 388,
3294 3125 3396 3178 11;
3456 3126 3525 3178 ιιι
3561 3121 3645 3178 ait
3690 3163 3704 3178 .
3733 3163 3746 3177 .
3794 3121 4027 3188 omitte3
4096 3119 4213 3196 syl-

631 3221 781 3292 laba,
827 3227 896 3280 ut
940 3221 1008 3280 V.
1045 3266 1096 3280 ..
1123 3267 1138 3280 .
1169 3229 1562 3282 contemnere.
1626 3223 1831 3298 Pomp.
1869 3225 2010 3296 297,
2046 3228 2098 3281 8.
2145 3223 2285 3281 Isid.
2326 3227 2376 3295 1,
2416 3227 2517 3295 35,
2556 3229 2610 3282 3.

892 3329 945 3382 6.
1012 3323 1227 3383 Donat.
1267 3329 1407 3397 396,
1453 3330 1557 3384 10:
1601 3325 1872 3403 Syncope
1910 3369 1922 3382 .
1957 3371 1970 3384 .
2009 3371 2020 3382 .
2068 3325 2384 3394 audaciter,
2426 3315 2783 3384 ‘commorat’
2818 3345 2926 3400 pro
2961 3330 3376 3384 commoverat.
3438 3323 3707 3383 Diomed.
3734 3328 3875 3394 441,
3904 3327 4016 3382 27:
4062 3325 4213 3400 Syn·

633 3445 780 3501 eope
825 3470 839 3484 .
879 3470 938 3483 ..
985 3428 1313 3503 epenthesi.
1403 3429 1678 3488 Consent.
1716 3431 1855 3500 388,
1903 3433 2009 3486 14:
2051 3433 2122 3486 ut
2165 3447 2296 3485 cum
2341 3427 2591 3486 dicimus
2632 3417 2943 3486 ‘audacter’
2987 3447 3095 3502 pro
3142 3428 3450 3486 audaciter
3490 3459 3574 3470 -—
3622 3432 3683 3484 et
3728 3425 4043 3484 Terentius
4090 3470 4103 3484 .
4140 3471 4152 3483 .
4198 3470 4212 3484 .

633 3535 1047 3590 commoverat.

891 3631 946 3690 7.
1013 3631 1227 3692 Donat.
1264 3637 1405 3702 396,
1451 3638 1556 3692 11:
1602 3637 1885 3709 Apocope
1931 3679 1943 3692 .
1978 3679 1989 3690 .
2023 3679 2036 3692 .
2082 3637 2295 3707 potest.
2355 3630 2625 3689 Diomed.
2662 3634 2802 3702 441,
2840 3635 2945 3689 31:
2992 3636 3274 3707 Apocope
3312 3676 3325 3689 .
3361 3677 3372 3688 .
3408 3677 3421 3690 .
3456 3631 3735 3690 dictionis
3779 3629 4215 3706 prosparalepsi

631 3733 730 3791 vel
772 3751 1069 3808 paragoge
1115 3735 1425 3793 contraria.
1517 3736 1793 3794 Consent.
1834 3738 1973 3806 388,
2016 3738 2127 3792 21:
2173 3739 2459 3818 Apocope
2503 3739 2595 3793 est
2638 3752 2675 3790 ια
2722 3733 2973 3806 litterae,
3020 3747 3089 3793 ut
3135 3779 3148 3792 .
3184 3778 3197 3792 .
3236 3781 3251 3792 .
3296 3733 3563 3794 Achillis.
3630 3733 3835 3808 Pomp.
3874 3733 4013 3804 297,
4062 3738 4155 3791 11.

892 3841 946 3893 8.
1015 3837 1234 3896 Donat.
1276 3842 1416 3908 396,
1465 3841 1568 3895 14:
1612 3837 1843 3895 Ectasis
1891 3883 1902 3894 .
1943 3881 2001 3893 ..
2049 3837 2276 3896 debeat.
2362 3835 2631 3894 Diomed.
2672 3840 2821 3907 442,
2870 3842 2933 3894 1:
2992 3837 3223 3895 Ectasis
3268 3841 3359 3894 est
3403 3836 3691 3894 extensio.
3783 3832 4034 3897 Quintil.
4073 3839 4121 3906 1,
4159 3839 4212 3906 5,

642 3941 734 3996 18.
800 3937 1076 3996 Consent.
1115 3943 1346 4010 389,1.
1410 3939 1614 4013 Pomp.
1648 3935 1792 4010 '297
1841 3939 1929 3995 17.
1991 3937 2132 3996 Isid.
2173 3943 2223 4010 1,
2263 3943 2358 4010 35,
2393 3945 2451 3996 4.

891 4045 946 4099 9.
1014 4041 1229 4100 Donat.
1264 4045 1402 4112 396,
1446 4045 1549 4098 16:
1591 4039 1825 4117 Systole
1872 4041 2264 4101 ...debeat
2354 4039 2623 4100 Diomed.
2661 4046 2801 4113 442,
2839 4046 2907 4100 5:
2952 4041 3187 4118 Systole
3235 4086 3248 4099 .
3282 4086 3295 4099 .
3336 4084 3349 4098 .
3396 4037 3578 4098 ectasi
3626 4069 3707 4079 ——-
3750 4038 3895 4096 item
3935 4029 4213 4117 ‘aquosus

635 4132 854 4201 Orion',
943 4143 1220 4202 Consent.
1262 4147 1401 4214 389,
1441 4147 1508 4201 8.
1551 4148 1620 4202 ut
1664 4148 1754 4202 est
1793 4133 2071 4220 ‘aquosus
2117 4134 2334 4215 Orion',
2381 4162 2515 4202 cum
2560 4143 2753 4219 prima
2783 4143 3023 4202 Orionis
3069 4142 3299 4219 syllaba
3339 4141 3549 4220 utique
3592 4139 3773 4214 longa
3818 4139 3911 4210 sit,
3957 4148 4026 4197 ut
4068 4139 4211 4198 alibi

637 4250 698 4303 et
737 4233 804 4304 ‘e.
854 4235 1093 4303 Oriona'
1139 4243 1342 4322 (Verg.
1380 4250 1452 4303 A.
1491 4251 1546 4316 3,
1581 4245 1748 4320 517).
1815 4245 1955 4303 Isid.
2002 4247 2050 4318 1,
2090 4248 2185 4316 35,
2225 4251 2279 4302 4.

899 4352 993 4406 10.
1061 4347 1282 4406 Donat.
1331 4352 1484 4420 396,
1539 4352 1644 4406 18:
1703 4347 2003 4406 Diaeresis
2049 4391 2062 4404 .
2100 4391 2113 4404 .
2151 4391 2164 4405 .
2199 4391 2212 4404 .
2259 4346 2479 4422 longai.
2568 4348 2835 4406 Diomed.
2876 4354 3030 4421 442,
3082 4352 3191 4406 11:
3252 4346 3551 4404 Diaeresis
3600 4388 3612 4401 .
3656 4387 3669 4400 .
3708 4387 3721 4400 .
3768 4343 3911 4400 duas
3968 4342 4211 4403 divisae.

621 4448 841 4524 Pomp.
875 4450 1016 4522 297,
1055 4455 1150 4508 30.
1213 4450 1352 4508 Isid.
1397 4456 1445 4522 l,
1480 4455 1576 4522 35,
1615 4457 1667 4508 4.
1757 4449 1830 4510 cf.
1877 4467 2054 4525 supra
2097 4450 2292 4508 adnot.
2330 4455 2431 4508 69.

899 4556 992 4610 11.
1060 4552 1276 4610 Donat.
1321 4557 1460 4625 396,
1501 4557 1612 4610 20:
1673 4550 2104 4629 Episynaliphe
2153 4594 2167 4608 .
2203 4594 2219 4609 .
2257 4551 2527 4624 .Νθι’ὂί,
2584 4542 2957 4628 ‘aeripedem’
3016 4571 3124 4628 pro
3170 4552 3525 4628 aeripedem.
3613 4545 3884 4604 Diomed.
3924 4552 4065 4621 442,
4104 4553 4211 4608 20:

637 4653 798 4728 Epis.
845 4673 896 4712 e.
931 4673 977 4712 c.
1013 4672 1118 4712 seu
1162 4653 1488 4715 contractio
1534 4655 1589 4712 d.
1681 4699 1694 4712 .
1732 4701 1744 4712 .
1790 4660 1860 4712 ut
1898 4644 2118 4712 fixerit
2159 4653 2497 4728 aeripedem
2542 4673 2589 4712 c.
2637 4645 2694 4712 l.’
2780 4655 3055 4714 consent.
3091 4652 3673 4728 389,18:Episyn.
3722 4693 3735 4706 .
3772 4691 3783 4706 .
3820 4694 3831 4706 .
3869 4691 3881 4705 .
3926 4649 4098 4725 facta,
4143 4657 4213 4762 ut

637 4773 768 4812 cum
814 4754 1030 4814 dicitur
1069 4745 1417 4815 ‘'Phaethon
1459 4775 1568 4831 pro
1613 4756 1723 4814 Ph.
1770 4763 1831 4815 et
1871 4746 2206 4830 ‘Marcipor'
2248 4773 2356 4830 pro
2399 4774 2551 4830 puer
2594 4775 2642 4814 e.
2678 4777 2735 4836 q.
2772 4777 2815 4816 s.
2877 4757 3083 4833 Pomp.
3120 4762 3263 4830 298,
3298 4762 3354 4816 6.
3420 4753 3561 4812 Isid.
3602 4756 3653 4822 1,
3692 4754 3787 4822 35,
3826 4755 3881 4808 5.

900 4861 992 4916 12.
1057 4857 1273 4918 Donat.
1314 4862 1468 4929 396,
1508 4863 1619 4916 23:
1683 4857 2010 4936 Synaliphe
2055 4900 2068 4916 .
2109 4902 2120 4914 .
2156 4901 2170 4915 .
2216 4857 2573 4916 nominatur.
2660 4857 3050 4932 Diom.442,
3096 4864 3200 4918 15:
3258 4855 3587 4936 Synaliphe
3630 4857 3721 4911 est
3763 4849 4011 4911 conlisio
4059 4875 4211 4934 quae

637 4957 707 5018 fit
748 4991 832 5001 —
875 4964 944 5018 ut
984 4949 1182 5038 atque
1227 4978 1297 5018 ea
1341 5002 1354 5018 .
1388 5004 1403 5018 .
1443 5006 1456 5019 .
1503 4950 1805 5035 geruntur'
1850 4991 1932 5002 -
1975 4961 2122 5018 haec
2167 5002 2181 5017 .
2215 5003 2228 5016 .
2263 5003 2275 5016 .
2321 4960 2680 5019 nominatur.
2768 4962 3042 5021 Consent.
3085 4966 3225 5034 389,
3271 4967 3382 5020 32:
3425 4955 3752 5036 Synaliphe
3796 4959 3887 5012 est
3928 4965 4029 5025 vel
4072 4977 4209 5036 syn—

637 5061 805 5122 crisis
849 5095 964 5136 -—,
1008 5069 1077 5123 ut
1121 5067 1212 5123 est
1254 5063 1401 5122 illud
1443 5054 1641 5144 ‘atque
1690 5109 1703 5122 .
1744 5109 1758 5123 .
1796 5111 1810 5122 .
1857 5055 2185 5138 geruntur’.
2223 5053 2244 5077 ⁰
2274 5063 2485 5140 Pomp.
2519 5065 2663 5135 298,
2706 5067 2799 5120 16.
2860 5063 3003 5123 Isid.
3044 5070 3096 5139 1,
3133 5069 3230 5138 35,
3274 5071 3327 5126 5.
