4817 5934
2231 600 2697 672 -2-

930 798 1140 865 Huius
1184 798 1377 880 artis,
1418 816 1550 882 qua
1591 798 1870 866 Scaurus
1915 798 1998 864 de
2042 799 2312 882 singulis
2357 797 2671 864 orationis
2713 797 3006 881 partibus
3051 798 3407 880 ceterisque
3448 798 3671 879 rebu8‚
3716 815 3879 880 quae
3924 798 4009 864 ad
4054 805 4257 866 artem

673 918 1152 1002 grammaticam
1209 919 1560 1002 pertinent,
1620 937 1746 984 non
1802 917 2016 999 longis
2062 922 2129 982 et
2171 916 2378 982 doctis
2424 916 2969 998 disputationibus
3014 917 3269 984 videtur
3308 917 3699 984 disseruisse
3742 918 3858 984 sed
3903 918 4259 1002 artigraphi

670 1055 852 1103 more
892 1038 1210 1120 modoque
1253 1055 1444 1120 quam
1484 1036 1860 1103 brevissime
1904 1036 2501 1120 simplicissimeque
2545 1055 2649 1102 res
2694 1035 3070 1116 absolvisse,
3113 1036 3416 1118 reliquias
3458 1053 3601 1101 cum
3645 1035 3945 1118 colligere
3988 1047 4055 1102 et
4088 1039 4257 1103 ordi-

672 1173 830 1223 nare
888 1155 1280 1238 susceperim
1296 1207 1312 1237 ,
1375 1157 1498 1222 hac
1554 1157 1890 1224 occasione
1949 1156 2167 1221 oblata
2226 1163 2581 1220 ceterorum
2640 1173 2893 1238 quoque
2951 1153 3176 1220 Scauri
3234 1155 3616 1237 scriptorum
3672 1154 4032 1238 fragmenta
4088 1175 4257 1224 com-

670 1293 927 1359 ponam.

1703 1483 1764 1554 1.
1872 1480 2411 1554 commentarii
2460 1483 2545 1554 in
2592 1481 2855 1554 Plauti
2904 1481 3230 1556 fabulas.

934 1635 990 1697 1.
1055 1631 1260 1698 Rufin.
1307 1649 1527 1698 comm.
1569 1631 1636 1698 in
1683 1637 1888 1700 metra
1929 1632 2183 1697 Terent.
2228 1630 2338 1697 Gr.
2380 1632 2493 1697 lat.
2537 1631 2643 1711 VI,
2674 1631 2821 1710 565,
2863 1634 2930 1697 1:
2977 1631 3345 1696 Mensuram
3392 1649 3539 1697 esse
3582 1631 3647 1696 in
3692 1630 3928 1698 fabulis
3970 1633 4256 1722 Terentii

675 1755 740 1818 et
769 1751 984 1818 Plauti
1027 1757 1093 1818 et
1136 1757 1489 1816 ceterorum
1537 1751 1918 1816 comicorum
1966 1757 2032 1816 et
2065 1749 2453 1832 tragicorum
2498 1749 2721 1815 dicunt
2765 1749 2858 1814 hi:
2904 1749 3143 1832 Cicero,
3190 1749 3572 1830 Scaurus,
3614 1750 4006 1833 FirmianuS,
4049 1752 4256 1818 Varro

676 1889 731 1938 e.
775 1891 837 1954 q.
882 1889 933 1937 s.

930 1990 988 2055 2.
1041 1988 1248 2055 Rufin.
1291 1989 1332 2054 l.
1363 1988 1403 2053 l.
1449 1987 1608 2070 561,
1651 1989 1720 2054 2:
1785 1988 2130 2054 Scaurus
2177 1988 2243 2054 in
2289 1988 2514 2055 eadem
2558 1987 2780 2054 fabula
2823 1987 2939 2072 (sc.
2986 1987 3049 2052 in
3095 1986 3448 2074 Pseudulo)
3496 1989 3618 2054 sic:
3676 1983 3880 2055 ‘Nunc
3925 1988 4082 2056 iam:
4126 1989 4257 2056 iam

675 2107 895 2175 divisit
933 2108 1002 2174 in
1045 2107 1210 2174 duas
1254 2107 1539 2190 syllabas
1583 2107 1770 2173 metri
1815 2101 2028 2172 causa’
2045 2109 2127 2188 ⁴).

1723 2315 1827 2386 Π.
1933 2313 2476 2387 commentarii
2522 2315 2607 2387 in
2656 2314 3087 2408 Vergilium
3108 2317 3206 2403 ⁵).

931 2466 990 2531 3.
1055 2465 1315 2532 Servius
1359 2465 1426 2531 in
1468 2466 1624 2531 Aen.
1655 2465 1716 2544 3,
1743 2464 1905 2530 484:
1949 2463 2085 2530 Nec
2125 2466 2298 2531 cedit
2339 2465 2594 2531 honori:
2634 2464 2705 2530 id
2748 2471 2852 2532 est
2894 2471 3079 2532 tanta
3122 2467 3239 2531 dat
3280 2483 3563 2547 munera,
3605 2471 3851 2547 quanta
3890 2465 4257 2532 merebatur

673 2584 1022 2666 Ascanius3
1087 2585 1208 2650 hoc
1265 2583 1430 2650 enim
1491 2590 1594 2650 est
1648 2577 1900 2648 ‘honori
1949 2600 2078 2648 non
2131 2578 2373 2649 cedere’
2432 2603 2653 2668 parem
2710 2603 2857 2652 esse
2914 2585 3162 2651 meritis
3221 2584 3610 2667 accipientis.
3698 2585 4046 2651 Scaurus
4104 2603 4257 2651 vero

671 2699 947 2770 ‘honore'
990 2703 1149 2786 legit
1191 2708 1259 2769 et
1301 2701 1648 2784 intellegit:
1693 2701 1933 2768 bonore
1978 2720 2103 2768 non
2149 2702 2322 2768 cedit
2364 2704 2633 2784 Heleno,
2677 2705 2783 2786 qui
2827 2704 3001 2786 patri
3046 2703 3183 2768 eius
3228 2703 3332 2770 vel
3374 2722 3495 2770 avo
3542 2705 3893 2769 donaverat
3934 2704 4154 2770 multa.

928 2823 990 2888 4.
1057 2822 1265 2889 Schol.
1307 2821 1656 2888 Veronens.
1700 2821 1765 2887 in
1809 2824 1967 2887 Aen.
2009 2821 2071 2902 4,
2122 2822 2244 2888 146
2288 2821 2379 2906 (p.
2409 2823 2523 2904 93,
2571 2825 2654 2890 10
2697 2823 2819 2908 Κ);
2868 2822 3257 2889 Scaurus:
3302 2822 3556 2903 Cretes,
3600 2823 3753 2906 quia
3792 2840 4107 2906 responso
4152 2840 4257 2888 ac-

674 2947 861 3026 cepto
907 2961 985 3008 ex
1027 2941 1242 3008 insula
1281 2939 1478 3006 Creta
1521 2939 1790 3022 profecti
1836 2959 1983 3006 esse
2027 2945 2094 3005 et
2137 2940 2364 3006 ducem
2412 2942 2617 3007 secuti
2649 2942 2966 3025 Delphum
2998 2940 3345 3008 Phocidam
3388 2942 3678 3009 tenuisse
3719 2941 4018 3008 dicuntur
4062 2948 4258 3026 atque

672 3061 756 3129 ab
799 3080 876 3128 eo
921 3079 994 3127 se
1037 3060 1324 3142 Delphos
1368 3058 1755 3141 nominasse,
1797 3065 1870 3124 ut
1911 3057 2306 3124 Phalarchus
2353 3053 2813 3142 (Phylarchus'
2854 3061 3125 3128 coniecit
3165 3061 3340 3147 Keil)
3387 3063 3496 3128 ait.

930 3179 989 3246 5.
1052 3179 1205 3245 ibid.
1247 3177 1312 3244 in
1357 3179 1515 3244 Aen.
1557 3177 1629 3258 5,
1674 3179 1758 3244 95
1815 3183 1901 3261 (p.
1933 3178 2036 3258 95,
2069 3180 2104 3244 1
2149 3178 2272 3260 Κ);
2335 3178 2628 3245 Incertus
2690 3179 3031 3260 geniumne
3087 3180 3227 3248 loci.
3318 3181 3701 3248 Scaurus:
3765 3180 4044 3261 erudite,
4106 3196 4253 3246 nam

671 3299 767 3367 ait
811 3318 890 3365 ex
930 3297 1230 3364 medullis
1275 3314 1610 3379 corporum
1656 3297 1885 3380 anguis
1929 3296 2130 3380 nasci,
2173 3302 2247 3362 ut
2289 3316 2595 3380 equorum
2639 3303 2705 3364 et
2746 3298 2939 3364 boum
2983 3305 3050 3366 et
3089 3299 3435 3366 vitulorum
3482 3317 3639 3382 apes
3686 3335 3769 3346 —
3812 3335 3897 3346 --
3940 3334 4026 3346 —
4071 3297 4253 3365 danti

673 3419 784 3502 qui
830 3437 940 3485 eos
981 3417 1049 3483 in
1092 3415 1524 3482 monumentis
1567 3415 1957 3482 defodibant.

1767 3624 1916 3699 111.
2023 3623 2563 3696 Commentarii
2612 3625 2697 3697 in
2746 3625 3177 3698 Horatium.

932 3775 990 3840 6.
1057 3773 1410 3856 Porphyrio
1454 3774 1519 3839 in
1565 3774 1720 3840 Hor.
1766 3783 1890 3840 sat.
1933 3775 2016 3855 II,
2057 3773 2118 3854 5,
2163 3775 2275 3840 92:
2322 3780 2459 3840 stes
2505 3775 2715 3856 capite
2760 3774 3045 3858 obstipo:
3090 3775 3261 3842 tristi
3308 3794 3383 3842 ac
3426 3795 3671 3844 severo.
3760 3777 4100 3844 Scaurus
4142 3769 4255 3839 ‘in-

673 3888 928 3961 clinato’
970 3893 1143 3959 dicit.

931 4049 996 4126 4)
1051 4049 1200 4109 haec
1255 4048 1557 4109 adnotatio
1615 4049 1938 4108 secundum
1983 4049 2375 4110 Ritschelium
2418 4048 2456 4107 1.
2488 4049 2527 4111 l.
2576 4051 2699 4109 376
2756 4051 2831 4109 ad
2874 4070 3060 4110 unum
3100 4053 3363 4128 pertinet
3406 4073 3440 4112 e
3483 4059 3737 4131 quatuor
3779 4045 4056 4108 Pseuduli
4102 4043 4251 4103 locis

673 4155 868 4216 hisce:
923 4157 972 4226 1,
1012 4157 1062 4224 l,
1102 4155 1250 4222 1163
1299 4157 1349 4224 1,
1387 4155 1440 4224 5,
1475 4155 1581 4222 82;
1639 4156 1692 4224 1,
1726 4156 1780 4224 5,
1818 4156 1970 4225 1333
2022 4156 2073 4224 1,
2109 4157 2164 4222 5,
2201 4156 2338 4211 144.
2381 4185 2469 4196 —-
2525 4153 2684 4232 quod
2740 4158 2937 4213 autem
2982 4154 3055 4214 R.
3116 4155 3296 4214 ctiam
3340 4153 3541 4212 Rufini
3597 4152 3782 4211 verba
3836 4147 4251 4224 praecedentia

673 4255 893 4316 Scauro
935 4253 1177 4326 tribuit,
1237 4253 1598 4330 interpolata
1636 4260 1906 4316 veterum
1949 4255 2277 4315 editionum
2321 4254 2579 4316 lectione
2620 4275 2762 4315 usus
2807 4264 2915 4317 est.
3002 4257 3076 4317 cf.
3124 4256 3307 4315 Keilii
3352 4255 3548 4313 adnot.
3594 4251 3723 4312 crit.
3770 4251 3843 4310 ad
3888 4248 4089 4308 Rufin.
4133 4249 4173 4308 1.
4203 4248 4245 4309 l.

674 4365 739 4420 et
781 4356 879 4417 Gr.
923 4355 1028 4417 lat.
1068 4354 1206 4426 VII,
1239 4357 1296 4415 7.

933 4457 997 4535 5)
1040 4458 1113 4517 de
1155 4456 1449 4518 industria
1488 4458 1648 4518 inter
1687 4456 2023 4532 fragmenta
2064 4477 2187 4516 non
2228 4457 2430 4534 recepi
2471 4456 2667 4518 locum
2713 4459 3057 4520 lacunosum
3098 4457 3296 4518 Schol.
3329 4455 3656 4516 Veronens.
3700 4454 3765 4514 in
3802 4457 3954 4514 Aen.
3994 4458 4089 4528 12,
4123 4457 4245 4512 684

673 4560 758 4638 (p.
801 4561 937 4634 107,
976 4563 1049 4619 19
1095 4559 1209 4636 Κ);
1267 4551 1372 4620 ‘ita
1427 4561 1656 4620 crumin
1698 4593 1786 4603 —-
1827 4579 1929 4619 sus
1972 4560 2161 4620 dicam
2203 4593 2290 4606 ·--
2333 4559 2559 4620 Scauru
2600 4593 2683 4606 --
2730 4581 2889 4639 oppu
2932 4555 3081 4632 -';
3145 4578 3340 4640 neque
3384 4557 3749 4631 Ribbeckio‚
3808 4558 3912 4637 qui
3954 4556 4021 4616 in
4064 4555 4247 4617 schol.

672 4661 963 4722 Bornensi
1001 4663 1077 4722 ad
1120 4659 1298 4737 Verg.
1343 4661 1526 4738 eclog.
1576 4665 1611 4719 8
1629 4706 1645 4734 ,
1694 4666 1807 4722 65:
1863 4651 2174 4722 ‘verbenas
2229 4681 2419 4738 genus
2460 4662 2681 4722 herbae
2722 4661 3085 4723 castissimae
3138 4660 3237 4722 vel
3288 4681 3365 4720 ex
3408 4661 3535 4718 Ioco
3576 4668 3778 4719 sancto
3822 4668 4083 4738 sumptae
4100 4701 4119 4730 ,
4179 4663 4250 4719 'ut

675 4762 990 4824 Terentius
1029 4769 1092 4823 et
1133 4763 1390 4824 Iunilius
1434 4755 1656 4824 dicunt'
1706 4764 2044 4824 Terentium
2104 4764 2571 4841 intellegendum
2614 4783 2745 4824 esse
2786 4763 3071 4826 Scaurum
3114 4767 3382 4824 nostrum
3426 4761 3685 4824 coniecit
3744 4760 3942 4839 (proll.
3984 4781 4044 4838 p.
4083 4761 4246 4836 172),

671 4867 951 4928 assentiri
991 4885 1251 4943 possum,
1295 4885 1428 4925 cum
1473 4864 1794 4942 explicatio
1837 4866 1943 4925 illa
1983 4867 2196 4928 hausta
2237 4867 2318 4927 sit
2361 4887 2441 4928 cx
2470 4867 2735 4928 Terentii
2765 4869 2950 4928 Andr.
2980 4866 3087 4941 1v,
3120 4873 3178 4942 8,
3219 4872 3322 4927 11:
3362 4857 3457 4926 ‘eoe
3488 4884 3597 4924 ara
3626 4867 3763 4926 hinc
3790 4885 3949 4926 smne
3974 4863 4250 4923 verbenas

669 4959 828 5028 tibi'.
918 4968 993 5030 cf.
1035 4969 1251 5045 Hagen
1293 4966 1492 5028 Schol.
1535 4967 1708 5026 Bern.
1754 4968 1955 5029 adnot.
1999 4969 2130 5029 crit.
2175 4970 2250 5028 ad
2294 4969 2334 5029 l.
2366 4969 2405 5030 1.
