4817 5934
989 798 1304 859 Charisius.

1247 916 1710 994 Prosperalepsis

585 1029 674 1078 est
733 1039 858 1078 eum
926 1019 1150 1097 aliquid
1209 1019 1289 1078 ad
1349 1021 1706 1077 nom'ssimam

575 1130 804 1199 partem
861 1121 1128 1179 debtiom’s
1172 1121 1393 1180 accedit
1407 1163 1424 1191 ‚
1489 1131 1558 1178 ut
1591 1112 1708 1178 ‘ad-

585 1224 800 1281 mittier
827 1214 932 1280 or?
975 1224 1177 1299 (Ver-g.
1204 1224 1284 1280 A.
1317 1228 1380 1294 9,
1411 1221 1560 1298 231)
1598 1241 1708 1300 pro

582 1323 828 1382 admitti.
1237 1336 1246 1346 ·

1224 2242 1582 2320 Aphaeresis
1623 2251 1712 2299 est

583 2363 757 2423 aeque
795 2345 1092 2422 generalis
1137 2343 1562 2421 metaplasmm,
1612 2345 1715 2420 qui

561 2445 654 2523 fit
664 2465 779 2525 per
799 2448 1226 2516 detractionem,
1253 2445 1358 2504 sed
1372 2444 1708 2521 specialiter

581 2550 668 2606 sie
691 2547 1058 2620 observatur,-
1084 2543 1441 2630 (aphaeresis
1457 2555 1546 2604 est
1557 2541 1705 2628 eum)

581 2652 771 2726 prima
812 2660 989 2726 parte
1030 2650 1298 2708 dictiom‘s

884 2952 1013 3038 (aut
1033 2957 1232 3014 littera
1255 2964 1584 3032 amputatur
1607 2961 1712 3013 aut

583 3057 812 3135 syllaba
855 3053 1169 3139 affertur),
1219 3062 1290 3115 ut

973 3252 1316 3320 ‘temnere
1361 3253 1426 3318 d?
1479 3259 1707 3336 (Verg.

584 3368 656 3424 A.
691 3371 746 3438 6,
783 3362 932 3440 620)
973 3382 1100 3440 pro
1146 3368 1620 3422 contemnere.

671 3672 932 3748 Syneope
986 3679 1071 3727 est
1115 3687 1236 3727 cum
1283 3669 1500 3726 mediae
1541 3667 1716 3744 parti

585 3773 856 3832 dictionis
923 3771 1142 3849 aliquid
1203 3769 1541 3827 subducitur
1555 3812 1575 3841 ,
1648 3776 1713 3826 ut

580 3866 858 3934 ‘exn'nxti
895 3893 970 3932 m.
1009 3883 1050 3930 t.
1086 3893 1144 3952 q.
1177 3865 1245 3930 s?
1297 3871 1498 3950 (Ver-g.
1528 3873 1610 3928 A.
1643 3875 1701 3941 4,

583 3977 735 4054 682)
767 3995 884 4055 pro
927 3976 1253 4034 extinmhti.

1307 4181 1584 4255 Apocope
1625 4186 1712 4235 est

591 4299 714 4338 cum
755 4301 828 4342 ea·
872 4283 1072 4342 ultima
1111 4291 1288 4358 parte
1330 4281 1611 4358 loquellae

1000 4497 1106 4545 aut
1147 4487 1342 4544 littera
1385 4486 1712 4545 detrahitur

587 4594 692 4644 aut
716 4583 974 4662 syllaba.-
1023 4589 1238 4658 littera,
1278 4597 1346 4646 ut
1371 4579 1442 4648 ἀ.
1469 4609 1524 4649 n.
1553 4592 1716 4666 magi

585 4707 637 4745 s.
665 4706 726 4745 n.
749 4707 816 4764 p.
845 4680 906 4745 t.’
947 4687 1150 4766 (Ver-g.
1178 4693 1259 4749 A.
1295 4695 1392 4762 10,
1419 4693 1569 4770 481)
1594 4712 1707 4770 pro

587 4791 806 4866 magis,-
852 4789 1106 4866 syllaba,
1144 4801 1210 4849 ut
1236 4783 1394 4852 ‘endo
1423 4813 1584 4852 suam
1618 4787 1709 4853 do’

584 4892 765 4969 (Eun.
791 4910 927 4951 ann.
960 4893 1108 4970 563)
1153 4894 1260 4951 hoe
1301 4903 1389 4952 est
1428 4897 1672 4956 donmm.

2119 601 2633 675 —25-

2192 803 2564 882 Anonymus.

2474 920 2939 1001 Prosperalepsis

1812 1029 1901 1078 est
1938 1039 2064 1080 eum
2123 1023 2369 1084 ultimae
2428 1023 2691 1100 syllabae
2734 1043 2937 1101 super-

1810 1122 1935 1181 flua
1968 1122 2237 1198 adicitur,
2280 1129 2351 1186 ut
2382 1170 2398 1186 .
2428 1168 2445 1185 .
2478 1171 2493 1184 .
2536 1125 2741 1204 (Vel-g.
2774 1128 2846 1184 A.
2880 1131 2935 1198 4,

1811 1223 1980 1300 493)

2445 2251 2804 2327 Aphaeresis
2847 2254 2940 2311 est

1814 2349 2247 2426 metaplasmus,
2294 2371 2429 2411 eum
2449 2353 2745 2430 principio
2767 2354 2935 2414 verbi

1813 2450 2044 2528 syllaba
2083 2454 2470 2527 subtrahitur,
2514 2459 2609 2514 ut:

1809 3257 1918 3325 ‘et
1946 3286 2093 3327 non
2122 3274 2458 3329 temnere
2490 3263 2556 3330 d?
2593 3270 2839 3349 (Verg.
2863 3277 2934 3332 Α.

1818 3377 1873 3443 6,
1908 3372 2058 3448 em)
2103 3390 2241 3448 pro
2286 3375 2802 3434 contemnere.
2877 3383 2939 3434 et

1815 3473 1878 3531 in
1913 3472 2254 3534 nominibus
2294 3473 2619 3549 invenitur,
2664 3481 2731 3536 ut
2762 3476 2937 3536 Plau·

1813 3579 1910 3634 tus
1955 3574 2109 3635 dixit
2149 3595 2200 3633 e.
2233 3596 2290 3655 q.
2323 3597 2367 3636 s.

1898 3677 2171 3754 Synoope
2239 3683 2330 3737 est
2391 3678 2586 3738 medio
2650 3679 2938 3756 syllabam

1815 3779 2170 3840 subtrahens
2204 3780 2407 3853 verbo,
2456 3790 2520 3837 ut
2546 3771 2843 3840 ‘'ettz'naeti’
2883 3791 2942 3840 et

1810 3870 1999 3940 ‘vixet
2042 3900 2088 3940 ο.
2121 3900 2178 3942 v.
2211 3874 2280 3940 d?
2315 3881 2520 3958 (νοις.
2545 3886 2617 3940 A.
2647 3886 2740 3955 11,
2772 3883 2937 3959 118).

2524 4191 2809 4267 Apoeope
2851 4195 2944 4252 est

1814 4288 2112 4348 interdum
2178 4287 2403 4369 aliquid
2474 4289 2719 4352 ultimae
2781 4293 2940 4369 parti

1815 4391 2119 4465 auferens,
2182 4397 2250 4452 ut
2305 4383 2565 4470 ‘uanaque
2621 4413 2788 4452 suam
2848 4386 2939 4454 do’

1814 4492 1989 4571 (Eun.
2014 4487 2149 4552 orm.
2177 4493 2326 4572 563)
2370 4495 2477 4552 hoc
2519 4503 2607 4553 est
2646 4515 2807 4556 suam
2840 4499 2937 4557 do-

1815 4613 1960 4652 mum
1977 4637 1996 4667 ,
2047 4601 2108 4655 et
2150 4595 2464 4658 Lueretius
2507 4597 2573 4656 in
2614 4600 2806 4674 primo
2855 4603 2936 4678 (v.

1821 4697 1966 4776 186)
2149 4697 2449 4758 infantibu
2479 4701 2681 4775 parvis
2710 4747 2725 4761 .
2748 4725 2800 4775 .;
2832 4705 2939 4764 ali-

1814 4799 2050 4880 quando
2092 4798 2479 4874 imminuens,
2538 4812 2603 4861 ut
2647 4805 2938 4883 Vergilius

1813 4900 1920 4978 (A.
1955 4905 2054 4973 10,
2088 4901 2240 4980 481)
2281 4893 2494 4981 ‘aspice
2536 4923 2667 4964 num
2712 4901 2929 4986 magd,-

1812 5021 1979 5080 mage
2011 5022 2128 5082 pro
2171 5007 2380 5081 magis.

3461 803 3763 868 Sacerdos.

3129 1541 3213 1598 De
3228 1559 3553 1618 paragoge.
3603 1539 3909 1617 Paragoge
3932 1550 4020 1600 est
4040 1561 4169 1600 cum

3040 1642 3108 1700 in
3152 1641 3271 1701 fine
3313 1643 3484 1702 verbi
3528 1642 3757 1721 syllaba
3799 1641 4053 1718 additur,
4100 1651 4169 1706 ut

3040 1733 3352 1803 ‘admittier
3396 1739 3503 1802 or?
3556 1743 3760 1823 (Verg.
3792 1749 3863 1805 A.
3910 1749 3966 1818 9,
4001 1749 4168 1825 231).

3131 2257 3213 2314 De
3266 2257 3587 2334 aphaeresi.
3678 2257 4035 2335 Aphaeresis
4080 2261 4173 2338 fit

3042 2376 3167 2416 cum
3213 2377 3249 2416 a
3276 2361 3472 2436 prima
3512 2372 3681 2438 parte
3724 2363 3893 2423 verbi
3939 2363 4170 2440 syllaba

3040 2460 3289 2533 tollitur,
3334 2470 3401 2518 ut
3437 2452 3751 2540 ‘linquere'.

3130 3687 3214 3744 De
3254 3706 3519 3765 syncope.
3614 3691 3876 3768 Syneope
3916 3703 4006 3751 est
4042 3713 4169 3752 eum

3044 3787 3119 3846 de
3175 3788 3369 3848 medio
3418 3792 3603 3851 verbo
3661 3791 3864 3854 littera
3919 3795 4167 3870 tollitur,

3044 3895 3113 3950 ut
3150 3880 3448 3950 ‘oraclum’
3489 3893 3589 3952 vel
3632 3893 3877 3972 syllaba,
3922 3902 3991 3957 ut
4035 3945 4048 3958 .
4073 3943 4085 3956 .
4112 3945 4125 3958 .
4153 3945 4169 3958 .

3042 3990 3245 4068 (νοις.
3276 3994 3349 4052 A.
3386 3997 3481 4066 11,
3519 3995 3682 4074 118).

3130 4197 3215 4254 De
3253 4215 3518 4274 apocope.
3608 4202 3881 4279 Apocope
3912 4211 4001 4260 est
4038 4223 4165 4263 eum

3042 4297 3109 4356 in
3152 4297 3271 4356 fine
3315 4297 3593 4360 dictionis
3648 4301 3879 4379 syllaba
3919 4304 4167 4381 tollitur,

3040 4405 3111 4459 ut
3160 4391 3461 4461 ‘luxuriat’
3515 4421 3626 4479 pro
3681 4394 4051 4466 ‘luxuriatur’
4107 4413 4172 4468 et

3038 4491 3261 4562 ‘laetat’
3302 4519 3409 4580 pro
3450 4494 3759 4566 ‘luctaturffi
