<?xml version="1.0" encoding="UTF-8"?>
<!DOCTYPE html PUBLIC "-//W3C//DTD XHTML 1.0 Transitional//EN"
    "http://www.w3.org/TR/xhtml1/DTD/xhtml1-transitional.dtd">
<html xmlns="http://www.w3.org/1999/xhtml" xml:lang="en" lang="en">
 <head>
  <title>
</title>
<meta http-equiv="Content-Type" content="text/html;charset=utf-8" />
  <meta name='ocr-system' content='tesseract 3.04.00' />
  <meta name='ocr-capabilities' content='ocr_page ocr_carea ocr_par ocr_line ocrx_word'/>
</head>
<body>
  <div class='ocr_page' id='page_1' title='image "./symbolacriticaa00kummgoog_0044.png"; bbox 0 0 4817 5934; ppageno 0'>
   <div class='ocr_carea' id='block_1_1' title="bbox 2159 578 2671 648">
    <p class='ocr_par' dir='ltr' id='par_1_1' title="bbox 2159 578 2671 648">
     <span class='ocr_line' id='line_1_1' title="bbox 2159 578 2671 648; baseline 0.002 -23"><span class='ocrx_word' id='word_1_1' title='bbox 2159 578 2671 648; x_wconf 73' lang='lat'>—35—</span> 
     </span>
    </p>
   </div>
   <div class='ocr_carea' id='block_1_2' title="bbox 616 773 4204 3719">
    <p class='ocr_par' dir='ltr' id='par_1_2' title="bbox 616 773 4204 3719">
     <span class='ocr_line' id='line_1_2' title="bbox 775 773 4202 852; baseline 0.001 -14"><span class='ocrx_word' id='word_1_2' title='bbox 775 811 792 827; x_wconf 90' lang='lat'><strong>·</strong></span> <span class='ocrx_word' id='word_1_3' title='bbox 881 773 1048 852; x_wconf 85' lang='lat' dir='ltr'><strong>Quid</strong></span> <span class='ocrx_word' id='word_1_4' title='bbox 1091 791 1242 838; x_wconf 84' lang='lat' dir='ltr'><strong>vero</strong></span> <span class='ocrx_word' id='word_1_5' title='bbox 1289 773 1368 838; x_wconf 92' lang='lat' dir='ltr'><strong>de</strong></span> <span class='ocrx_word' id='word_1_6' title='bbox 1411 773 1722 839; x_wconf 82' lang='lat' dir='ltr'>Diomede</span> <span class='ocrx_word' id='word_1_7' title='bbox 1767 774 2177 840; x_wconf 89' lang='lat' dir='ltr'><strong>statuendum</strong></span> <span class='ocrx_word' id='word_1_8' title='bbox 2223 776 2371 840; x_wconf 81' lang='lat' dir='ltr'><strong>est?</strong></span> <span class='ocrx_word' id='word_1_9' title='bbox 2459 774 2848 841; x_wconf 89' lang='lat' dir='ltr'><strong>Adhibuitne</strong></span> <span class='ocrx_word' id='word_1_10' title='bbox 2892 779 2959 840; x_wconf 90' lang='lat' dir='ltr'><strong>et</strong></span> <span class='ocrx_word' id='word_1_11' title='bbox 2986 774 3448 852; x_wconf 79' lang='lat' dir='ltr'><strong>Quintilianum</strong></span> <span class='ocrx_word' id='word_1_12' title='bbox 3492 778 3559 839; x_wconf 92' lang='lat' dir='ltr'><strong>et</strong></span> <span class='ocrx_word' id='word_1_13' title='bbox 3600 773 3831 840; x_wconf 86' lang='lat' dir='ltr'><strong>Isidori</strong></span> <span class='ocrx_word' id='word_1_14' title='bbox 3877 780 4202 842; x_wconf 82' lang='lat' dir='ltr'><strong>auctorem</strong></span> 
     </span>
     <span class='ocr_line' id='line_1_3' title="bbox 622 892 4204 975; baseline 0 -16"><span class='ocrx_word' id='word_1_15' title='bbox 622 914 707 959; x_wconf 86' lang='lat' dir='ltr'><strong>an</strong></span> <span class='ocrx_word' id='word_1_16' title='bbox 754 893 1091 975; x_wconf 83' lang='lat' dir='ltr'><strong>exscripsit</strong></span> <span class='ocrx_word' id='word_1_17' title='bbox 1150 892 1379 957; x_wconf 89' lang='lat' dir='ltr'><strong>librum</strong></span> <span class='ocrx_word' id='word_1_18' title='bbox 1440 893 1789 975; x_wconf 83' lang='lat' dir='ltr'><strong>quendam,</strong></span> <span class='ocrx_word' id='word_1_19' title='bbox 1849 911 1974 975; x_wconf 93' lang='lat' dir='ltr'><strong>quo</strong></span> <span class='ocrx_word' id='word_1_20' title='bbox 2034 893 2324 959; x_wconf 89' lang='lat' dir='ltr'><strong>doctrina</strong></span> <span class='ocrx_word' id='word_1_21' title='bbox 2369 893 2705 975; x_wconf 88' lang='lat' dir='ltr'><strong>utriusque</strong></span> <span class='ocrx_word' id='word_1_22' title='bbox 2767 893 3104 959; x_wconf 87' lang='lat' dir='ltr'><strong>coniuncta</strong></span> <span class='ocrx_word' id='word_1_23' title='bbox 3163 895 3349 959; x_wconf 79' lang='lat' dir='ltr'><strong>erat?</strong></span> <span class='ocrx_word' id='word_1_24' title='bbox 3432 893 3609 975; x_wconf 88' lang='lat' dir='ltr'><strong>prior</strong></span> <span class='ocrx_word' id='word_1_25' title='bbox 3666 894 3984 959; x_wconf 88' lang='lat' dir='ltr'><strong>sententia</strong></span> <span class='ocrx_word' id='word_1_26' title='bbox 4040 894 4204 959; x_wconf 88' lang='lat' dir='ltr'><strong>bene</strong></span> 
     </span>
     <span class='ocr_line' id='line_1_4' title="bbox 624 1012 4200 1095; baseline 0 -18"><span class='ocrx_word' id='word_1_27' title='bbox 624 1013 901 1095; x_wconf 82' lang='lat' dir='ltr'><strong>quadrat</strong></span> <span class='ocrx_word' id='word_1_28' title='bbox 943 1012 1006 1076; x_wconf 89' lang='lat' dir='ltr'><strong>in</strong></span> <span class='ocrx_word' id='word_1_29' title='bbox 1052 1012 1379 1078; x_wconf 89' lang='lat' dir='ltr'><strong>Diomedis</strong></span> <span class='ocrx_word' id='word_1_30' title='bbox 1424 1013 1736 1077; x_wconf 90' lang='lat' dir='ltr'><strong>rationem</strong></span> <span class='ocrx_word' id='word_1_31' title='bbox 1785 1012 2274 1083; x_wconf 89' lang='lat' dir='ltr'><strong>contaminandi.</strong></span> <span class='ocrx_word' id='word_1_32' title='bbox 2362 1018 2645 1077; x_wconf 81' lang='lat' dir='ltr'><strong>attamen</strong></span> <span class='ocrx_word' id='word_1_33' title='bbox 2694 1012 2900 1078; x_wconf 92' lang='lat' dir='ltr'><strong>altera</strong></span> <span class='ocrx_word' id='word_1_34' title='bbox 2943 1012 3266 1078; x_wconf 89' lang='lat' dir='ltr'><strong>sententia</strong></span> <span class='ocrx_word' id='word_1_35' title='bbox 3300 1012 3556 1078; x_wconf 81' lang='lat' dir='ltr'><strong>videtur</strong></span> <span class='ocrx_word' id='word_1_36' title='bbox 3583 1012 4005 1094; x_wconf 82' lang='lat' dir='ltr'><strong>praeferenda</strong></span> <span class='ocrx_word' id='word_1_37' title='bbox 4038 1032 4200 1079; x_wconf 88' lang='lat' dir='ltr'><strong>esse.</strong></span> 
     </span>
     <span class='ocr_line' id='line_1_5' title="bbox 621 1130 4202 1213; baseline 0.001 -18"><span class='ocrx_word' id='word_1_38' title='bbox 621 1131 894 1213; x_wconf 85' lang='lat' dir='ltr'><strong>primum</strong></span> <span class='ocrx_word' id='word_1_39' title='bbox 940 1131 1106 1196; x_wconf 92' lang='lat' dir='ltr'><strong>enim</strong></span> <span class='ocrx_word' id='word_1_40' title='bbox 1151 1150 1277 1195; x_wconf 90' lang='lat' dir='ltr'><strong>non</strong></span> <span class='ocrx_word' id='word_1_41' title='bbox 1322 1131 1532 1213; x_wconf 90' lang='lat' dir='ltr'><strong>ipsum</strong></span> <span class='ocrx_word' id='word_1_42' title='bbox 1578 1131 1950 1196; x_wconf 88' lang='lat' dir='ltr'><strong>Diomedem</strong></span> <span class='ocrx_word' id='word_1_43' title='bbox 1996 1132 2112 1195; x_wconf 87' lang='lat' dir='ltr'><strong>sed</strong></span> <span class='ocrx_word' id='word_1_44' title='bbox 2165 1132 2304 1196; x_wconf 88' lang='lat' dir='ltr'><strong>eius</strong></span> <span class='ocrx_word' id='word_1_45' title='bbox 2366 1138 2691 1196; x_wconf 86' lang='lat' dir='ltr'><strong>auctorem</strong></span> <span class='ocrx_word' id='word_1_46' title='bbox 2752 1130 2931 1196; x_wconf 90' lang='lat' dir='ltr'><strong>libris</strong></span> <span class='ocrx_word' id='word_1_47' title='bbox 2975 1131 3352 1210; x_wconf 84' lang='lat' dir='ltr'><strong>Quintiliani</strong></span> <span class='ocrx_word' id='word_1_48' title='bbox 3411 1150 3593 1196; x_wconf 89' lang='lat' dir='ltr'><strong>usum</strong></span> <span class='ocrx_word' id='word_1_49' title='bbox 3656 1150 3801 1196; x_wconf 88' lang='lat' dir='ltr'><strong>esse</strong></span> <span class='ocrx_word' id='word_1_50' title='bbox 3860 1133 4004 1199; x_wconf 91' lang='lat' dir='ltr'><strong>ideo</strong></span> <span class='ocrx_word' id='word_1_51' title='bbox 4068 1138 4202 1198; x_wconf 88' lang='lat' dir='ltr'><strong>sta-</strong></span> 
     </span>
     <span class='ocr_line' id='line_1_6' title="bbox 624 1249 4199 1332; baseline 0.001 -18"><span class='ocrx_word' id='word_1_52' title='bbox 624 1249 885 1326; x_wconf 78' lang='lat' dir='ltr'><strong>tuerim,</strong></span> <span class='ocrx_word' id='word_1_53' title='bbox 933 1249 1097 1330; x_wconf 82' lang='lat' dir='ltr'><strong>qued</strong></span> <span class='ocrx_word' id='word_1_54' title='bbox 1149 1270 1405 1330; x_wconf 78' lang='lat' dir='ltr'><strong>speram</strong></span> <span class='ocrx_word' id='word_1_55' title='bbox 1453 1269 1560 1329; x_wconf 89' lang='lat' dir='ltr'><strong>ea,</strong></span> <span class='ocrx_word' id='word_1_56' title='bbox 1604 1267 1770 1331; x_wconf 89' lang='lat' dir='ltr'><strong>quae</strong></span> <span class='ocrx_word' id='word_1_57' title='bbox 1814 1251 1985 1332; x_wconf 90' lang='lat' dir='ltr'><strong>apud</strong></span> <span class='ocrx_word' id='word_1_58' title='bbox 2031 1250 2492 1327; x_wconf 85' lang='lat' dir='ltr'><strong>Quintilianum</strong></span> <span class='ocrx_word' id='word_1_59' title='bbox 2536 1249 2827 1331; x_wconf 89' lang='lat' dir='ltr'><strong>pluribus</strong></span> <span class='ocrx_word' id='word_1_60' title='bbox 2871 1250 3029 1314; x_wconf 88' lang='lat' dir='ltr'><strong>locis</strong></span> <span class='ocrx_word' id='word_1_61' title='bbox 3075 1255 3224 1314; x_wconf 90' lang='lat' dir='ltr'><strong>sunt</strong></span> <span class='ocrx_word' id='word_1_62' title='bbox 3269 1250 3594 1331; x_wconf 89' lang='lat' dir='ltr'><strong>dispersa,</strong></span> <span class='ocrx_word' id='word_1_63' title='bbox 3638 1251 3979 1332; x_wconf 87' lang='lat' dir='ltr'><strong>colligendi</strong></span> <span class='ocrx_word' id='word_1_64' title='bbox 4025 1258 4090 1317; x_wconf 90' lang='lat' dir='ltr'><strong>et</strong></span> <span class='ocrx_word' id='word_1_65' title='bbox 4133 1252 4199 1316; x_wconf 91' lang='lat' dir='ltr'><strong>in</strong></span> 
     </span>
     <span class='ocr_line' id='line_1_7' title="bbox 624 1367 4198 1452; baseline 0 -18"><span class='ocrx_word' id='word_1_66' title='bbox 624 1370 857 1434; x_wconf 80' lang='lat' dir='ltr'><strong>iustum</strong></span> <span class='ocrx_word' id='word_1_67' title='bbox 905 1370 1233 1450; x_wconf 79' lang='lat' dir='ltr'><strong>redigendi</strong></span> <span class='ocrx_word' id='word_1_68' title='bbox 1273 1370 1576 1449; x_wconf 83' lang='lat' dir='ltr'><strong>urdinem,</strong></span> <span class='ocrx_word' id='word_1_69' title='bbox 1621 1369 1921 1434; x_wconf 89' lang='lat' dir='ltr'><strong>maiorem</strong></span> <span class='ocrx_word' id='word_1_70' title='bbox 1968 1367 2169 1434; x_wconf 82' lang='lat' dir='ltr'><strong>fuisse</strong></span> <span class='ocrx_word' id='word_1_71' title='bbox 2213 1376 2369 1450; x_wconf 89' lang='lat' dir='ltr'><strong>puto</strong></span> <span class='ocrx_word' id='word_1_72' title='bbox 2416 1386 2604 1450; x_wconf 90' lang='lat' dir='ltr'><strong>quam</strong></span> <span class='ocrx_word' id='word_1_73' title='bbox 2640 1386 2806 1450; x_wconf 87' lang='lat' dir='ltr'><strong>quae</strong></span> <span class='ocrx_word' id='word_1_74' title='bbox 2847 1387 2888 1432; x_wconf 90' lang='lat' dir='ltr'><strong>a</strong></span> <span class='ocrx_word' id='word_1_75' title='bbox 2921 1368 3231 1434; x_wconf 90' lang='lat' dir='ltr'><strong>Diomede</strong></span> <span class='ocrx_word' id='word_1_76' title='bbox 3260 1369 3323 1433; x_wconf 90' lang='lat' dir='ltr'><strong>in</strong></span> <span class='ocrx_word' id='word_1_77' title='bbox 3370 1387 3564 1450; x_wconf 91' lang='lat' dir='ltr'><strong>opere</strong></span> <span class='ocrx_word' id='word_1_78' title='bbox 3609 1389 3725 1435; x_wconf 88' lang='lat' dir='ltr'><strong>suo</strong></span> <span class='ocrx_word' id='word_1_79' title='bbox 3762 1372 4198 1452; x_wconf 89' lang='lat' dir='ltr'><strong>componendo</strong></span> 
     </span>
     <span class='ocr_line' id='line_1_8' title="bbox 624 1486 4198 1570; baseline 0 -16"><span class='ocrx_word' id='word_1_80' title='bbox 624 1498 1001 1570; x_wconf 81' lang='lat' dir='ltr'><strong>seusumpta</strong></span> <span class='ocrx_word' id='word_1_81' title='bbox 1057 1506 1201 1554; x_wconf 85' lang='lat' dir='ltr'><strong>esse</strong></span> <span class='ocrx_word' id='word_1_82' title='bbox 1261 1490 1584 1569; x_wconf 67' lang='lat' dir='ltr'><strong>credatur-3</strong></span> <span class='ocrx_word' id='word_1_83' title='bbox 1641 1489 1984 1570; x_wconf 84' lang='lat' dir='ltr'><strong>praecipue</strong></span> <span class='ocrx_word' id='word_1_84' title='bbox 2047 1488 2238 1554; x_wconf 91' lang='lat' dir='ltr'><strong>etiam</strong></span> <span class='ocrx_word' id='word_1_85' title='bbox 2300 1487 2537 1568; x_wconf 82' lang='lat' dir='ltr'><strong>singuli</strong></span> <span class='ocrx_word' id='word_1_86' title='bbox 2594 1486 2686 1552; x_wconf 91' lang='lat' dir='ltr'><strong>illi</strong></span> <span class='ocrx_word' id='word_1_87' title='bbox 2744 1488 2899 1566; x_wconf 88' lang='lat' dir='ltr'><strong>loci,</strong></span> <span class='ocrx_word' id='word_1_88' title='bbox 2956 1487 3186 1569; x_wconf 87' lang='lat' dir='ltr'><strong>quibus</strong></span> <span class='ocrx_word' id='word_1_89' title='bbox 3232 1487 3574 1554; x_wconf 85' lang='lat' dir='ltr'><strong>Diomedes</strong></span> <span class='ocrx_word' id='word_1_90' title='bbox 3632 1489 3841 1554; x_wconf 88' lang='lat' dir='ltr'><strong>minus</strong></span> <span class='ocrx_word' id='word_1_91' title='bbox 3903 1496 4198 1555; x_wconf 86' lang='lat' dir='ltr'><strong>accurate</strong></span> 
     </span>
     <span class='ocr_line' id='line_1_9' title="bbox 624 1606 4200 1691; baseline 0 -17"><span class='ocrx_word' id='word_1_92' title='bbox 624 1626 765 1674; x_wconf 72' lang='lat' dir='ltr'><strong>sum</strong></span> <span class='ocrx_word' id='word_1_93' title='bbox 829 1606 1217 1682; x_wconf 69' lang='lat' dir='ltr'><strong>Quintiliane</strong></span> <span class='ocrx_word' id='word_1_94' title='bbox 1285 1607 1631 1687; x_wconf 77' lang='lat' dir='ltr'><strong>censentit,</strong></span> <span class='ocrx_word' id='word_1_95' title='bbox 1689 1607 1926 1672; x_wconf 86' lang='lat' dir='ltr'><strong>fontem</strong></span> <span class='ocrx_word' id='word_1_96' title='bbox 1988 1607 2273 1672; x_wconf 89' lang='lat' dir='ltr'><strong>indicant</strong></span> <span class='ocrx_word' id='word_1_97' title='bbox 2334 1606 2803 1673; x_wconf 89' lang='lat' dir='ltr'><strong>secundarium.</strong></span> <span class='ocrx_word' id='word_1_98' title='bbox 2892 1607 3121 1670; x_wconf 90' lang='lat' dir='ltr'><strong>deinde</strong></span> <span class='ocrx_word' id='word_1_99' title='bbox 3181 1613 3394 1672; x_wconf 91' lang='lat' dir='ltr'><strong>autem</strong></span> <span class='ocrx_word' id='word_1_100' title='bbox 3450 1607 3601 1672; x_wconf 88' lang='lat' dir='ltr'><strong>licet</strong></span> <span class='ocrx_word' id='word_1_101' title='bbox 3654 1608 3998 1674; x_wconf 84' lang='lat' dir='ltr'><strong>Diomedes</strong></span> <span class='ocrx_word' id='word_1_102' title='bbox 4058 1610 4200 1691; x_wconf 86' lang='lat' dir='ltr'><strong>ipse</strong></span> 
     </span>
     <span class='ocr_line' id='line_1_10' title="bbox 620 1719 4199 1808; baseline 0.001 -18"><span class='ocrx_word' id='word_1_103' title='bbox 620 1726 793 1790; x_wconf 86' lang='lat' dir='ltr'><strong>illius</strong></span> <span class='ocrx_word' id='word_1_104' title='bbox 841 1726 1189 1806; x_wconf 71' lang='lat' dir='ltr'><strong>inspexerit</strong></span> <span class='ocrx_word' id='word_1_105' title='bbox 1233 1726 1461 1802; x_wconf 79' lang='lat' dir='ltr'><strong>libres,</strong></span> <span class='ocrx_word' id='word_1_106' title='bbox 1522 1726 1933 1791; x_wconf 91' lang='lat' dir='ltr'><strong>nihilominus</strong></span> <span class='ocrx_word' id='word_1_107' title='bbox 1989 1725 2053 1790; x_wconf 88' lang='lat' dir='ltr'><strong>in</strong></span> <span class='ocrx_word' id='word_1_108' title='bbox 2114 1726 2322 1805; x_wconf 89' lang='lat' dir='ltr'><strong>capite</strong></span> <span class='ocrx_word' id='word_1_109' title='bbox 2362 1719 2464 1789; x_wconf 85' lang='lat' dir='ltr'><strong>‘de</strong></span> <span class='ocrx_word' id='word_1_110' title='bbox 2510 1720 2960 1790; x_wconf 88' lang='lat' dir='ltr'><strong>schematibus&#39;</strong></span> <span class='ocrx_word' id='word_1_111' title='bbox 3006 1724 3458 1807; x_wconf 88' lang='lat' dir='ltr'><strong>perscribendo</strong></span> <span class='ocrx_word' id='word_1_112' title='bbox 3522 1728 3807 1808; x_wconf 84' lang='lat' dir='ltr'><strong>exceptis</strong></span> <span class='ocrx_word' id='word_1_113' title='bbox 3853 1728 4086 1793; x_wconf 89' lang='lat' dir='ltr'><strong>Donati</strong></span> <span class='ocrx_word' id='word_1_114' title='bbox 4133 1735 4199 1793; x_wconf 90' lang='lat' dir='ltr'><strong>et</strong></span> 
     </span>
     <span class='ocr_line' id='line_1_11' title="bbox 624 1844 4202 1928; baseline 0.001 -18"><span class='ocrx_word' id='word_1_115' title='bbox 624 1846 893 1910; x_wconf 73' lang='lat' dir='ltr'><strong>Charisii</strong></span> <span class='ocrx_word' id='word_1_116' title='bbox 941 1846 1301 1910; x_wconf 68' lang='lat' dir='ltr'><strong>aestatibus</strong></span> <span class='ocrx_word' id='word_1_117' title='bbox 1349 1846 1539 1910; x_wconf 81' lang='lat' dir='ltr'><strong>etiam</strong></span> <span class='ocrx_word' id='word_1_118' title='bbox 1585 1862 1662 1909; x_wconf 87' lang='lat' dir='ltr'><strong>ex</strong></span> <span class='ocrx_word' id='word_1_119' title='bbox 1708 1845 1897 1909; x_wconf 89' lang='lat' dir='ltr'><strong>tertio</strong></span> <span class='ocrx_word' id='word_1_120' title='bbox 1945 1844 2073 1928; x_wconf 88' lang='lat' dir='ltr'><strong>(vel</strong></span> <span class='ocrx_word' id='word_1_121' title='bbox 2118 1851 2252 1908; x_wconf 91' lang='lat' dir='ltr'><strong>tum</strong></span> <span class='ocrx_word' id='word_1_122' title='bbox 2299 1844 2515 1924; x_wconf 87' lang='lat' dir='ltr'><strong>potius</strong></span> <span class='ocrx_word' id='word_1_123' title='bbox 2560 1848 2817 1925; x_wconf 86' lang='lat' dir='ltr'><strong>quarto)</strong></span> <span class='ocrx_word' id='word_1_124' title='bbox 2874 1845 3152 1926; x_wconf 91' lang='lat' dir='ltr'><strong>quodam</strong></span> <span class='ocrx_word' id='word_1_125' title='bbox 3196 1844 3357 1909; x_wconf 87' lang='lat' dir='ltr'><strong>libro</strong></span> <span class='ocrx_word' id='word_1_126' title='bbox 3417 1845 3667 1926; x_wconf 89' lang='lat' dir='ltr'><strong>hausit,</strong></span> <span class='ocrx_word' id='word_1_127' title='bbox 3724 1865 3865 1911; x_wconf 91' lang='lat' dir='ltr'><strong>cum</strong></span> <span class='ocrx_word' id='word_1_128' title='bbox 3926 1866 4051 1912; x_wconf 90' lang='lat' dir='ltr'><strong>non</strong></span> <span class='ocrx_word' id='word_1_129' title='bbox 4114 1849 4202 1913; x_wconf 89' lang='lat' dir='ltr'><strong>sit</strong></span> 
     </span>
     <span class='ocr_line' id='line_1_12' title="bbox 624 1961 4199 2046; baseline 0 -16"><span class='ocrx_word' id='word_1_130' title='bbox 624 1966 1061 2046; x_wconf 75' lang='lat' dir='ltr'><strong>perspicuum,</strong></span> <span class='ocrx_word' id='word_1_131' title='bbox 1121 1966 1289 2026; x_wconf 84' lang='lat' dir='ltr'><strong>unde</strong></span> <span class='ocrx_word' id='word_1_132' title='bbox 1333 1982 1409 2026; x_wconf 89' lang='lat' dir='ltr'><strong>ea</strong></span> <span class='ocrx_word' id='word_1_133' title='bbox 1469 1982 1632 2045; x_wconf 83' lang='lat' dir='ltr'><strong>quae</strong></span> <span class='ocrx_word' id='word_1_134' title='bbox 1679 1982 1728 2028; x_wconf 92' lang='lat' dir='ltr'><strong>s.</strong></span> <span class='ocrx_word' id='word_1_135' title='bbox 1774 1968 1818 2028; x_wconf 93' lang='lat' dir='ltr'><strong>t.</strong></span> <span class='ocrx_word' id='word_1_136' title='bbox 1867 1964 1947 2028; x_wconf 92' lang='lat' dir='ltr'><strong>de</strong></span> <span class='ocrx_word' id='word_1_137' title='bbox 2005 1963 2384 2044; x_wconf 86' lang='lat' dir='ltr'><strong>gradatione</strong></span> <span class='ocrx_word' id='word_1_138' title='bbox 2443 1982 2567 2028; x_wconf 92' lang='lat' dir='ltr'><strong>non</strong></span> <span class='ocrx_word' id='word_1_139' title='bbox 2630 1982 2769 2029; x_wconf 89' lang='lat' dir='ltr'><strong>cum</strong></span> <span class='ocrx_word' id='word_1_140' title='bbox 2817 1961 3236 2042; x_wconf 82' lang='lat' dir='ltr'><strong>Quintiliane,</strong></span> <span class='ocrx_word' id='word_1_141' title='bbox 3299 1965 3414 2028; x_wconf 91' lang='lat' dir='ltr'><strong>sed</strong></span> <span class='ocrx_word' id='word_1_142' title='bbox 3472 1964 3703 2044; x_wconf 90' lang='lat' dir='ltr'><strong>partim</strong></span> <span class='ocrx_word' id='word_1_143' title='bbox 3764 1983 3904 2029; x_wconf 88' lang='lat' dir='ltr'><strong>cum</strong></span> <span class='ocrx_word' id='word_1_144' title='bbox 3949 1966 4199 2032; x_wconf 90' lang='lat' dir='ltr'><strong>Isidoro</strong></span> 
     </span>
     <span class='ocr_line' id='line_1_13' title="bbox 628 2080 4199 2167; baseline 0.001 -21"><span class='ocrx_word' id='word_1_145' title='bbox 628 2086 985 2146; x_wconf 75' lang='lat' dir='ltr'><strong>cummunis</strong></span> <span class='ocrx_word' id='word_1_146' title='bbox 1029 2086 1253 2158; x_wconf 75' lang='lat' dir='ltr'><strong>habet,</strong></span> <span class='ocrx_word' id='word_1_147' title='bbox 1313 2083 1697 2146; x_wconf 65' lang='lat' dir='ltr'><strong>derivaverit</strong></span> <span class='ocrx_word' id='word_1_148' title='bbox 1740 2082 1865 2147; x_wconf 88' lang='lat' dir='ltr'><strong>nisi</strong></span> <span class='ocrx_word' id='word_1_149' title='bbox 1910 2100 1987 2146; x_wconf 84' lang='lat' dir='ltr'><strong>ex</strong></span> <span class='ocrx_word' id='word_1_150' title='bbox 2044 2081 2234 2147; x_wconf 88' lang='lat' dir='ltr'><strong>tertio</strong></span> <span class='ocrx_word' id='word_1_151' title='bbox 2292 2082 2570 2162; x_wconf 90' lang='lat' dir='ltr'><strong>quodam</strong></span> <span class='ocrx_word' id='word_1_152' title='bbox 2628 2080 2829 2160; x_wconf 82' lang='lat' dir='ltr'><strong>fonte,</strong></span> <span class='ocrx_word' id='word_1_153' title='bbox 2891 2082 3187 2162; x_wconf 86' lang='lat' dir='ltr'><strong>quoniam</strong></span> <span class='ocrx_word' id='word_1_154' title='bbox 3252 2083 3317 2149; x_wconf 91' lang='lat' dir='ltr'><strong>in</strong></span> <span class='ocrx_word' id='word_1_155' title='bbox 3378 2083 3627 2148; x_wconf 89' lang='lat' dir='ltr'><strong>duobus</strong></span> <span class='ocrx_word' id='word_1_156' title='bbox 3690 2083 3972 2149; x_wconf 82' lang='lat' dir='ltr'><strong>fontibus</strong></span> <span class='ocrx_word' id='word_1_157' title='bbox 4035 2086 4199 2167; x_wconf 84' lang='lat' dir='ltr'><strong>aliiS,</strong></span> 
     </span>
     <span class='ocr_line' id='line_1_14' title="bbox 624 2200 4198 2287; baseline 0.002 -25"><span class='ocrx_word' id='word_1_158' title='bbox 624 2222 781 2282; x_wconf 78' lang='lat' dir='ltr'><strong>ques</strong></span> <span class='ocrx_word' id='word_1_159' title='bbox 829 2222 1025 2282; x_wconf 80' lang='lat' dir='ltr'><strong>supra</strong></span> <span class='ocrx_word' id='word_1_160' title='bbox 1069 2202 1503 2282; x_wconf 67' lang='lat' dir='ltr'><strong>eognovimus,</strong></span> <span class='ocrx_word' id='word_1_161' title='bbox 1567 2218 1682 2266; x_wconf 92' lang='lat' dir='ltr'><strong>nec</strong></span> <span class='ocrx_word' id='word_1_162' title='bbox 1723 2201 1935 2266; x_wconf 87' lang='lat' dir='ltr'><strong>volam</strong></span> <span class='ocrx_word' id='word_1_163' title='bbox 1979 2219 2096 2266; x_wconf 91' lang='lat' dir='ltr'><strong>nec</strong></span> <span class='ocrx_word' id='word_1_164' title='bbox 2139 2200 2482 2281; x_wconf 87' lang='lat' dir='ltr'><strong>vestigium</strong></span> <span class='ocrx_word' id='word_1_165' title='bbox 2527 2201 2852 2264; x_wconf 85' lang='lat' dir='ltr'><strong>exstitisse</strong></span> <span class='ocrx_word' id='word_1_166' title='bbox 2911 2200 3307 2282; x_wconf 87' lang='lat' dir='ltr'><strong>intellegitur</strong></span> <span class='ocrx_word' id='word_1_167' title='bbox 3350 2221 3424 2267; x_wconf 85' lang='lat' dir='ltr'><strong>ex</strong></span> <span class='ocrx_word' id='word_1_168' title='bbox 3468 2201 3785 2283; x_wconf 78' lang='lat' dir='ltr'><strong>charisio,</strong></span> <span class='ocrx_word' id='word_1_169' title='bbox 3832 2203 4198 2287; x_wconf 85' lang='lat' dir='ltr'><strong>Sacerdote,</strong></span> 
     </span>
     <span class='ocr_line' id='line_1_15' title="bbox 628 2318 4199 2404; baseline 0.001 -18"><span class='ocrx_word' id='word_1_170' title='bbox 628 2322 909 2398; x_wconf 77' lang='lat' dir='ltr'><strong>Dunatu,</strong></span> <span class='ocrx_word' id='word_1_171' title='bbox 973 2322 1141 2402; x_wconf 84' lang='lat' dir='ltr'><strong>apud</strong></span> <span class='ocrx_word' id='word_1_172' title='bbox 1201 2338 1360 2402; x_wconf 81' lang='lat' dir='ltr'><strong>quus·</strong></span> <span class='ocrx_word' id='word_1_173' title='bbox 1421 2320 1656 2384; x_wconf 85' lang='lat' dir='ltr'><strong>mentio</strong></span> <span class='ocrx_word' id='word_1_174' title='bbox 1701 2320 1889 2384; x_wconf 90' lang='lat' dir='ltr'><strong>huius</strong></span> <span class='ocrx_word' id='word_1_175' title='bbox 1934 2318 2206 2401; x_wconf 87' lang='lat' dir='ltr'><strong>figurae,</strong></span> <span class='ocrx_word' id='word_1_176' title='bbox 2271 2338 2434 2401; x_wconf 90' lang='lat' dir='ltr'><strong>quae</strong></span> <span class='ocrx_word' id='word_1_177' title='bbox 2480 2338 2693 2384; x_wconf 88' lang='lat' dir='ltr'><strong>errore</strong></span> <span class='ocrx_word' id='word_1_178' title='bbox 2736 2319 2904 2383; x_wconf 89' lang='lat' dir='ltr'><strong>inter</strong></span> <span class='ocrx_word' id='word_1_179' title='bbox 2967 2323 3414 2400; x_wconf 88' lang='lat' dir='ltr'><strong>grammaticas</strong></span> <span class='ocrx_word' id='word_1_180' title='bbox 3477 2321 3716 2402; x_wconf 87' lang='lat' dir='ltr'><strong>figuras</strong></span> <span class='ocrx_word' id='word_1_181' title='bbox 3778 2322 4065 2404; x_wconf 87' lang='lat' dir='ltr'><strong>irrepsit,</strong></span> <span class='ocrx_word' id='word_1_182' title='bbox 4125 2325 4199 2390; x_wconf 89' lang='lat' dir='ltr'><strong>fit</strong></span> 
     </span>
     <span class='ocr_line' id='line_1_16' title="bbox 624 2437 4197 2526; baseline 0.002 -23"><span class='ocrx_word' id='word_1_183' title='bbox 624 2442 813 2504; x_wconf 81' lang='lat' dir='ltr'><strong>nulla.</strong></span> <span class='ocrx_word' id='word_1_184' title='bbox 905 2458 1093 2518; x_wconf 75' lang='lat' dir='ltr'><strong>parre</strong></span> <span class='ocrx_word' id='word_1_185' title='bbox 1141 2442 1365 2502; x_wconf 79' lang='lat' dir='ltr'><strong>tertius</strong></span> <span class='ocrx_word' id='word_1_186' title='bbox 1413 2439 1727 2503; x_wconf 88' lang='lat' dir='ltr'><strong>indicatur</strong></span> <span class='ocrx_word' id='word_1_187' title='bbox 1770 2445 1991 2504; x_wconf 89' lang='lat' dir='ltr'><strong>auctor</strong></span> <span class='ocrx_word' id='word_1_188' title='bbox 2046 2438 2351 2519; x_wconf 87' lang='lat' dir='ltr'><strong>exemplis</strong></span> <span class='ocrx_word' id='word_1_189' title='bbox 2395 2437 2752 2517; x_wconf 90' lang='lat' dir='ltr'><strong>nonnullis,</strong></span> <span class='ocrx_word' id='word_1_190' title='bbox 2810 2438 2985 2502; x_wconf 85' lang='lat' dir='ltr'><strong>velut</strong></span> <span class='ocrx_word' id='word_1_191' title='bbox 3030 2447 3096 2503; x_wconf 90' lang='lat' dir='ltr'><strong>et</strong></span> <span class='ocrx_word' id='word_1_192' title='bbox 3137 2438 3203 2503; x_wconf 92' lang='lat' dir='ltr'><strong>in</strong></span> <span class='ocrx_word' id='word_1_193' title='bbox 3247 2441 3614 2523; x_wconf 88' lang='lat' dir='ltr'><strong>parhomoei</strong></span> <span class='ocrx_word' id='word_1_194' title='bbox 3662 2447 3726 2505; x_wconf 89' lang='lat' dir='ltr'><strong>et</strong></span> <span class='ocrx_word' id='word_1_195' title='bbox 3769 2442 3834 2505; x_wconf 93' lang='lat' dir='ltr'><strong>in</strong></span> <span class='ocrx_word' id='word_1_196' title='bbox 3896 2444 4197 2526; x_wconf 84' lang='lat' dir='ltr'><strong>polysyn-</strong></span> 
     </span>
     <span class='ocr_line' id='line_1_17' title="bbox 628 2557 4194 2641; baseline 0.002 -19"><span class='ocrx_word' id='word_1_197' title='bbox 628 2558 757 2622; x_wconf 69' lang='lat' dir='ltr'><strong>deti</strong></span> <span class='ocrx_word' id='word_1_198' title='bbox 805 2558 1221 2638; x_wconf 67' lang='lat' dir='ltr'><strong>explicatiuue</strong></span> <span class='ocrx_word' id='word_1_199' title='bbox 1269 2558 1417 2622; x_wconf 82' lang='lat' dir='ltr'><strong>hina</strong></span> <span class='ocrx_word' id='word_1_200' title='bbox 1465 2558 1866 2624; x_wconf 86' lang='lat' dir='ltr'><strong>inveniuntur</strong></span> <span class='ocrx_word' id='word_1_201' title='bbox 1911 2558 2229 2639; x_wconf 88' lang='lat' dir='ltr'><strong>exempla,</strong></span> <span class='ocrx_word' id='word_1_202' title='bbox 2273 2576 2539 2640; x_wconf 89' lang='lat' dir='ltr'><strong>quorum</strong></span> <span class='ocrx_word' id='word_1_203' title='bbox 2586 2557 2828 2622; x_wconf 90' lang='lat' dir='ltr'><strong>nullum</strong></span> <span class='ocrx_word' id='word_1_204' title='bbox 2875 2558 3046 2638; x_wconf 90' lang='lat' dir='ltr'><strong>apud</strong></span> <span class='ocrx_word' id='word_1_205' title='bbox 3094 2567 3339 2623; x_wconf 89' lang='lat' dir='ltr'><strong>ceteros</strong></span> <span class='ocrx_word' id='word_1_206' title='bbox 3397 2566 3693 2624; x_wconf 89' lang='lat' dir='ltr'><strong>auctores</strong></span> <span class='ocrx_word' id='word_1_207' title='bbox 3739 2569 3981 2641; x_wconf 88' lang='lat' dir='ltr'><strong>exstat;</strong></span> <span class='ocrx_word' id='word_1_208' title='bbox 4042 2564 4194 2628; x_wconf 89' lang='lat' dir='ltr'><strong>item</strong></span> 
     </span>
     <span class='ocr_line' id='line_1_18' title="bbox 624 2676 4195 2760; baseline 0.002 -18"><span class='ocrx_word' id='word_1_209' title='bbox 624 2678 797 2758; x_wconf 77' lang='lat' dir='ltr'><strong>apud</strong></span> <span class='ocrx_word' id='word_1_210' title='bbox 845 2678 1213 2742; x_wconf 70' lang='lat' dir='ltr'><strong>Diomedem</strong></span> <span class='ocrx_word' id='word_1_211' title='bbox 1249 2678 1593 2742; x_wconf 74' lang='lat' dir='ltr'><strong>Sallustius</strong></span> <span class='ocrx_word' id='word_1_212' title='bbox 1638 2683 1865 2759; x_wconf 85' lang='lat' dir='ltr'><strong>quater</strong></span> <span class='ocrx_word' id='word_1_213' title='bbox 1909 2676 1989 2760; x_wconf 80' lang='lat' dir='ltr'><strong>(s,</strong></span> <span class='ocrx_word' id='word_1_214' title='bbox 2036 2682 2080 2740; x_wconf 89' lang='lat' dir='ltr'><strong>t.</strong></span> <span class='ocrx_word' id='word_1_215' title='bbox 2122 2678 2204 2741; x_wconf 92' lang='lat' dir='ltr'><strong>de</strong></span> <span class='ocrx_word' id='word_1_216' title='bbox 2248 2677 2549 2758; x_wconf 88' lang='lat' dir='ltr'><strong>prolepsi,</strong></span> <span class='ocrx_word' id='word_1_217' title='bbox 2589 2677 2674 2740; x_wconf 88' lang='lat' dir='ltr'><strong>de</strong></span> <span class='ocrx_word' id='word_1_218' title='bbox 2719 2677 3066 2757; x_wconf 89' lang='lat' dir='ltr'><strong>anaphora,</strong></span> <span class='ocrx_word' id='word_1_219' title='bbox 3112 2678 3193 2740; x_wconf 92' lang='lat' dir='ltr'><strong>de</strong></span> <span class='ocrx_word' id='word_1_220' title='bbox 3237 2677 3767 2760; x_wconf 83' lang='lat' dir='ltr'><strong>homoeoteleutO,</strong></span> <span class='ocrx_word' id='word_1_221' title='bbox 3814 2683 3894 2747; x_wconf 91' lang='lat' dir='ltr'><strong>de</strong></span> <span class='ocrx_word' id='word_1_222' title='bbox 3938 2683 4195 2748; x_wconf 91' lang='lat' dir='ltr'><strong>homoe-</strong></span> 
     </span>
     <span class='ocr_line' id='line_1_19' title="bbox 628 2793 4196 2882; baseline 0.003 -24"><span class='ocrx_word' id='word_1_223' title='bbox 628 2802 897 2878; x_wconf 64' lang='lat' dir='ltr'><strong>estete),</strong></span> <span class='ocrx_word' id='word_1_224' title='bbox 945 2814 1253 2878; x_wconf 80' lang='lat' dir='ltr'><strong>nusquam</strong></span> <span class='ocrx_word' id='word_1_225' title='bbox 1301 2798 1469 2878; x_wconf 77' lang='lat' dir='ltr'><strong>apud</strong></span> <span class='ocrx_word' id='word_1_226' title='bbox 1515 2802 1763 2860; x_wconf 87' lang='lat' dir='ltr'><strong>ceteros</strong></span> <span class='ocrx_word' id='word_1_227' title='bbox 1809 2795 2070 2874; x_wconf 88' lang='lat' dir='ltr'><strong>citatur;</strong></span> <span class='ocrx_word' id='word_1_228' title='bbox 2116 2793 2438 2860; x_wconf 90' lang='lat' dir='ltr'><strong>Ciceronis</strong></span> <span class='ocrx_word' id='word_1_229' title='bbox 2484 2812 2734 2876; x_wconf 92' lang='lat' dir='ltr'><strong>quoque</strong></span> <span class='ocrx_word' id='word_1_230' title='bbox 2778 2795 2973 2859; x_wconf 86' lang='lat' dir='ltr'><strong>verba</strong></span> <span class='ocrx_word' id='word_1_231' title='bbox 3017 2796 3186 2875; x_wconf 90' lang='lat' dir='ltr'><strong>apud</strong></span> <span class='ocrx_word' id='word_1_232' title='bbox 3235 2795 3376 2861; x_wconf 89' lang='lat' dir='ltr'><strong>illos</strong></span> <span class='ocrx_word' id='word_1_233' title='bbox 3422 2817 3685 2878; x_wconf 88' lang='lat' dir='ltr'><strong>perraro</strong></span> <span class='ocrx_word' id='word_1_234' title='bbox 3728 2801 3860 2880; x_wconf 88' lang='lat' dir='ltr'><strong>vel,</strong></span> <span class='ocrx_word' id='word_1_235' title='bbox 3905 2806 3979 2865; x_wconf 93' lang='lat' dir='ltr'><strong>ut</strong></span> <span class='ocrx_word' id='word_1_236' title='bbox 4024 2804 4196 2882; x_wconf 90' lang='lat' dir='ltr'><strong>apud</strong></span> 
     </span>
     <span class='ocr_line' id='line_1_20' title="bbox 622 2912 4194 3003; baseline 0.003 -25"><span class='ocrx_word' id='word_1_237' title='bbox 622 2918 973 2994; x_wconf 71' lang='lat' dir='ltr'><strong>Donatum,</strong></span> <span class='ocrx_word' id='word_1_238' title='bbox 1033 2934 1381 2998; x_wconf 79' lang='lat' dir='ltr'><strong>nusquam,</strong></span> <span class='ocrx_word' id='word_1_239' title='bbox 1445 2915 1610 2997; x_wconf 83' lang='lat' dir='ltr'><strong>apud</strong></span> <span class='ocrx_word' id='word_1_240' title='bbox 1657 2914 2027 2980; x_wconf 89' lang='lat' dir='ltr'><strong>Diomedem</strong></span> <span class='ocrx_word' id='word_1_241' title='bbox 2086 2913 2424 2996; x_wconf 88' lang='lat' dir='ltr'><strong>quinquies</strong></span> <span class='ocrx_word' id='word_1_242' title='bbox 2481 2914 2546 2978; x_wconf 91' lang='lat' dir='ltr'><strong>in</strong></span> <span class='ocrx_word' id='word_1_243' title='bbox 2593 2912 2949 2994; x_wconf 84' lang='lat' dir='ltr'><strong>exemplum</strong></span> <span class='ocrx_word' id='word_1_244' title='bbox 3008 2920 3316 2979; x_wconf 85' lang='lat' dir='ltr'><strong>vocantur</strong></span> <span class='ocrx_word' id='word_1_245' title='bbox 3374 2916 3478 2997; x_wconf 86' lang='lat' dir='ltr'><strong>(cf.</strong></span> <span class='ocrx_word' id='word_1_246' title='bbox 3528 2936 3577 2982; x_wconf 89' lang='lat' dir='ltr'><strong>s.</strong></span> <span class='ocrx_word' id='word_1_247' title='bbox 3624 2924 3668 2982; x_wconf 89' lang='lat' dir='ltr'><strong>t.</strong></span> <span class='ocrx_word' id='word_1_248' title='bbox 3716 2919 3795 2984; x_wconf 93' lang='lat' dir='ltr'><strong>de</strong></span> <span class='ocrx_word' id='word_1_249' title='bbox 3840 2929 4194 3003; x_wconf 87' lang='lat' dir='ltr'><strong>zeugmate,</strong></span> 
     </span>
     <span class='ocr_line' id='line_1_21' title="bbox 620 3032 4189 3119; baseline 0.002 -21"><span class='ocrx_word' id='word_1_250' title='bbox 620 3038 704 3098; x_wconf 82' lang='lat' dir='ltr'><strong>de</strong></span> <span class='ocrx_word' id='word_1_251' title='bbox 749 3038 1149 3114; x_wconf 80' lang='lat' dir='ltr'><strong>epanalepsi,</strong></span> <span class='ocrx_word' id='word_1_252' title='bbox 1201 3034 1277 3098; x_wconf 84' lang='lat' dir='ltr'><strong>de</strong></span> <span class='ocrx_word' id='word_1_253' title='bbox 1325 3034 1802 3114; x_wconf 71' lang='lat' dir='ltr'><strong>paronomasia,</strong></span> <span class='ocrx_word' id='word_1_254' title='bbox 1844 3034 1924 3098; x_wconf 90' lang='lat' dir='ltr'><strong>de</strong></span> <span class='ocrx_word' id='word_1_255' title='bbox 1971 3033 2261 3118; x_wconf 89' lang='lat' dir='ltr'><strong>dialyto).</strong></span> <span class='ocrx_word' id='word_1_256' title='bbox 2349 3033 2596 3099; x_wconf 87' lang='lat' dir='ltr'><strong>accedit</strong></span> <span class='ocrx_word' id='word_1_257' title='bbox 2639 3033 2807 3113; x_wconf 89' lang='lat' dir='ltr'><strong>quod</strong></span> <span class='ocrx_word' id='word_1_258' title='bbox 2857 3051 2935 3097; x_wconf 85' lang='lat' dir='ltr'><strong>ex</strong></span> <span class='ocrx_word' id='word_1_259' title='bbox 2970 3032 3069 3096; x_wconf 89' lang='lat' dir='ltr'><strong>his</strong></span> <span class='ocrx_word' id='word_1_260' title='bbox 3102 3034 3378 3116; x_wconf 91' lang='lat' dir='ltr'><strong>quinque</strong></span> <span class='ocrx_word' id='word_1_261' title='bbox 3418 3037 3725 3119; x_wconf 88' lang='lat' dir='ltr'><strong>exemplis</strong></span> <span class='ocrx_word' id='word_1_262' title='bbox 3764 3037 4189 3106; x_wconf 85' lang='lat' dir='ltr'><strong>Ciceronianis</strong></span> 
     </span>
     <span class='ocr_line' id='line_1_22' title="bbox 620 3150 4177 3239; baseline 0.003 -25"><span class='ocrx_word' id='word_1_263' title='bbox 620 3154 749 3218; x_wconf 76' lang='lat' dir='ltr'><strong>due</strong></span> <span class='ocrx_word' id='word_1_264' title='bbox 793 3158 1125 3218; x_wconf 75' lang='lat' dir='ltr'><strong>recurrunt</strong></span> <span class='ocrx_word' id='word_1_265' title='bbox 1169 3154 1341 3234; x_wconf 80' lang='lat' dir='ltr'><strong>apud</strong></span> <span class='ocrx_word' id='word_1_266' title='bbox 1389 3152 1878 3231; x_wconf 74' lang='lat' dir='ltr'><strong>Quintilianum,</strong></span> <span class='ocrx_word' id='word_1_267' title='bbox 1923 3151 1989 3216; x_wconf 92' lang='lat' dir='ltr'><strong>id</strong></span> <span class='ocrx_word' id='word_1_268' title='bbox 2033 3152 2205 3234; x_wconf 90' lang='lat' dir='ltr'><strong>quod</strong></span> <span class='ocrx_word' id='word_1_269' title='bbox 2250 3170 2404 3218; x_wconf 87' lang='lat' dir='ltr'><strong>casu</strong></span> <span class='ocrx_word' id='word_1_270' title='bbox 2449 3150 2686 3217; x_wconf 82' lang='lat' dir='ltr'><strong>factum</strong></span> <span class='ocrx_word' id='word_1_271' title='bbox 2732 3169 2878 3217; x_wconf 88' lang='lat' dir='ltr'><strong>esse</strong></span> <span class='ocrx_word' id='word_1_272' title='bbox 2922 3154 3175 3234; x_wconf 89' lang='lat' dir='ltr'><strong>nequit,</strong></span> <span class='ocrx_word' id='word_1_273' title='bbox 3220 3171 3360 3218; x_wconf 90' lang='lat' dir='ltr'><strong>cum</strong></span> <span class='ocrx_word' id='word_1_274' title='bbox 3406 3173 3446 3219; x_wconf 93' lang='lat' dir='ltr'><strong>a</strong></span> <span class='ocrx_word' id='word_1_275' title='bbox 3488 3159 3920 3239; x_wconf 87' lang='lat' dir='ltr'><strong>grammaticis</strong></span> <span class='ocrx_word' id='word_1_276' title='bbox 3964 3161 4177 3225; x_wconf 86' lang='lat' dir='ltr'><strong>latinis</strong></span> 
     </span>
     <span class='ocr_line' id='line_1_23' title="bbox 620 3269 4185 3363; baseline 0.001 -25"><span class='ocrx_word' id='word_1_277' title='bbox 620 3274 704 3338; x_wconf 79' lang='lat' dir='ltr'><strong>ad</strong></span> <span class='ocrx_word' id='word_1_278' title='bbox 753 3274 1165 3338; x_wconf 82' lang='lat' dir='ltr'><strong>illustrandas</strong></span> <span class='ocrx_word' id='word_1_279' title='bbox 1213 3270 1481 3334; x_wconf 59' lang='lat' dir='ltr'><strong>⁴virtutes</strong></span> <span class='ocrx_word' id='word_1_280' title='bbox 1524 3271 1804 3354; x_wconf 78' lang='lat' dir='ltr'><strong>vitiaque</strong></span> <span class='ocrx_word' id='word_1_281' title='bbox 1862 3270 2170 3336; x_wconf 88' lang='lat' dir='ltr'><strong>orationis</strong></span> <span class='ocrx_word' id='word_1_282' title='bbox 2230 3269 2523 3351; x_wconf 88' lang='lat' dir='ltr'><strong>exempla</strong></span> <span class='ocrx_word' id='word_1_283' title='bbox 2577 3271 2950 3352; x_wconf 88' lang='lat' dir='ltr'><strong>plerumque</strong></span> <span class='ocrx_word' id='word_1_284' title='bbox 2994 3290 3071 3335; x_wconf 86' lang='lat' dir='ltr'><strong>ex</strong></span> <span class='ocrx_word' id='word_1_285' title='bbox 3113 3272 3324 3352; x_wconf 88' lang='lat' dir='ltr'><strong>poetis</strong></span> <span class='ocrx_word' id='word_1_286' title='bbox 3370 3272 3706 3356; x_wconf 90' lang='lat' dir='ltr'><strong>(imprimis</strong></span> <span class='ocrx_word' id='word_1_287' title='bbox 3754 3296 3830 3341; x_wconf 86' lang='lat' dir='ltr'><strong>ex</strong></span> <span class='ocrx_word' id='word_1_288' title='bbox 3876 3278 4185 3363; x_wconf 88' lang='lat' dir='ltr'><strong>Vergilio)</strong></span> 
     </span>
     <span class='ocr_line' id='line_1_24' title="bbox 620 3388 4187 3474; baseline 0.002 -20"><span class='ocrx_word' id='word_1_289' title='bbox 620 3402 1009 3474; x_wconf 71' lang='lat' dir='ltr'><strong>repetantur.</strong></span> <span class='ocrx_word' id='word_1_290' title='bbox 1101 3390 1269 3454; x_wconf 80' lang='lat' dir='ltr'><strong>uude</strong></span> <span class='ocrx_word' id='word_1_291' title='bbox 1313 3390 1505 3470; x_wconf 78' lang='lat' dir='ltr'><strong>igitur</strong></span> <span class='ocrx_word' id='word_1_292' title='bbox 1550 3392 1676 3454; x_wconf 89' lang='lat' dir='ltr'><strong>duo</strong></span> <span class='ocrx_word' id='word_1_293' title='bbox 1720 3389 1834 3455; x_wconf 92' lang='lat' dir='ltr'><strong>illa</strong></span> <span class='ocrx_word' id='word_1_294' title='bbox 1867 3391 2159 3470; x_wconf 84' lang='lat' dir='ltr'><strong>exempla</strong></span> <span class='ocrx_word' id='word_1_295' title='bbox 2200 3396 2631 3471; x_wconf 87' lang='lat' dir='ltr'><strong>pervenerunt</strong></span> <span class='ocrx_word' id='word_1_296' title='bbox 2674 3390 2759 3454; x_wconf 89' lang='lat' dir='ltr'><strong>ad</strong></span> <span class='ocrx_word' id='word_1_297' title='bbox 2789 3388 3208 3455; x_wconf 77' lang='lat' dir='ltr'><strong>Diomedem?</strong></span> <span class='ocrx_word' id='word_1_298' title='bbox 3295 3392 3375 3456; x_wconf 88' lang='lat' dir='ltr'><strong>ab</strong></span> <span class='ocrx_word' id='word_1_299' title='bbox 3422 3392 3541 3458; x_wconf 93' lang='lat' dir='ltr'><strong>hoc</strong></span> <span class='ocrx_word' id='word_1_300' title='bbox 3587 3413 3665 3459; x_wconf 89' lang='lat' dir='ltr'><strong>ea</strong></span> <span class='ocrx_word' id='word_1_301' title='bbox 3699 3415 3772 3461; x_wconf 85' lang='lat' dir='ltr'><strong>ex</strong></span> <span class='ocrx_word' id='word_1_302' title='bbox 3816 3397 4187 3473; x_wconf 89' lang='lat' dir='ltr'><strong>Quintiliani</strong></span> 
     </span>
     <span class='ocr_line' id='line_1_25' title="bbox 616 3507 4191 3595; baseline 0.002 -21"><span class='ocrx_word' id='word_1_303' title='bbox 616 3510 777 3574; x_wconf 82' lang='lat' dir='ltr'><strong>libre</strong></span> <span class='ocrx_word' id='word_1_304' title='bbox 821 3518 1081 3590; x_wconf 77' lang='lat' dir='ltr'><strong>sumpta</strong></span> <span class='ocrx_word' id='word_1_305' title='bbox 1125 3530 1269 3574; x_wconf 84' lang='lat' dir='ltr'><strong>esse</strong></span> <span class='ocrx_word' id='word_1_306' title='bbox 1313 3530 1495 3574; x_wconf 81' lang='lat' dir='ltr'><strong>neme</strong></span> <span class='ocrx_word' id='word_1_307' title='bbox 1542 3509 1968 3588; x_wconf 85' lang='lat' dir='ltr'><strong>contenderit;</strong></span> <span class='ocrx_word' id='word_1_308' title='bbox 2030 3509 2146 3573; x_wconf 88' lang='lat' dir='ltr'><strong>sed</strong></span> <span class='ocrx_word' id='word_1_309' title='bbox 2192 3508 2393 3573; x_wconf 92' lang='lat' dir='ltr'><strong>multo</strong></span> <span class='ocrx_word' id='word_1_310' title='bbox 2440 3507 2832 3589; x_wconf 90' lang='lat' dir='ltr'><strong>probabilius</strong></span> <span class='ocrx_word' id='word_1_311' title='bbox 2876 3509 3068 3572; x_wconf 89' lang='lat' dir='ltr'><strong>tertio</strong></span> <span class='ocrx_word' id='word_1_312' title='bbox 3114 3509 3429 3575; x_wconf 88' lang='lat' dir='ltr'><strong>debentur</strong></span> <span class='ocrx_word' id='word_1_313' title='bbox 3472 3514 3748 3595; x_wconf 87' lang='lat' dir='ltr'><strong>auctori,</strong></span> <span class='ocrx_word' id='word_1_314' title='bbox 3802 3515 3982 3581; x_wconf 89' lang='lat' dir='ltr'><strong>cuius</strong></span> <span class='ocrx_word' id='word_1_315' title='bbox 4027 3517 4191 3584; x_wconf 88' lang='lat' dir='ltr'><strong>libro</strong></span> 
     </span>
     <span class='ocr_line' id='line_1_26' title="bbox 620 3622 4196 3719; baseline 0.003 -25"><span class='ocrx_word' id='word_1_316' title='bbox 620 3630 965 3694; x_wconf 72' lang='lat' dir='ltr'><strong>Diomedes</strong></span> <span class='ocrx_word' id='word_1_317' title='bbox 1009 3630 1069 3690; x_wconf 88' lang='lat' dir='ltr'><strong>in</strong></span> <span class='ocrx_word' id='word_1_318' title='bbox 1121 3630 1329 3710; x_wconf 82' lang='lat' dir='ltr'><strong>eapite</strong></span> <span class='ocrx_word' id='word_1_319' title='bbox 1369 3622 1469 3690; x_wconf 83' lang='lat' dir='ltr'><strong>‘de</strong></span> <span class='ocrx_word' id='word_1_320' title='bbox 1513 3622 1988 3708; x_wconf 88' lang='lat' dir='ltr'><strong>compositione&#39;</strong></span> <span class='ocrx_word' id='word_1_321' title='bbox 2041 3645 2198 3692; x_wconf 88' lang='lat' dir='ltr'><strong>usus</strong></span> <span class='ocrx_word' id='word_1_322' title='bbox 2244 3633 2377 3706; x_wconf 82' lang='lat' dir='ltr'><strong>est3</strong></span> <span class='ocrx_word' id='word_1_323' title='bbox 2422 3626 2801 3708; x_wconf 87' lang='lat' dir='ltr'><strong>praesertim</strong></span> <span class='ocrx_word' id='word_1_324' title='bbox 2832 3644 2973 3691; x_wconf 91' lang='lat' dir='ltr'><strong>cum</strong></span> <span class='ocrx_word' id='word_1_325' title='bbox 3004 3626 3067 3691; x_wconf 88' lang='lat' dir='ltr'><strong>in</strong></span> <span class='ocrx_word' id='word_1_326' title='bbox 3099 3627 3209 3693; x_wconf 89' lang='lat' dir='ltr'><strong>illo</strong></span> <span class='ocrx_word' id='word_1_327' title='bbox 3240 3631 3450 3712; x_wconf 88' lang='lat' dir='ltr'><strong>capite</strong></span> <span class='ocrx_word' id='word_1_328' title='bbox 3481 3634 3771 3716; x_wconf 80' lang='lat' dir='ltr'><strong>exempla</strong></span> <span class='ocrx_word' id='word_1_329' title='bbox 3798 3635 3932 3701; x_wconf 87' lang='lat' dir='ltr'><strong>fere</strong></span> <span class='ocrx_word' id='word_1_330' title='bbox 3964 3639 4196 3719; x_wconf 91' lang='lat' dir='ltr'><strong>omnia,</strong></span> 
     </span>
    </p>
   </div>
   <div class='ocr_carea' id='block_1_3' title="bbox 616 3730 4217 3832">
    <p class='ocr_par' dir='ltr' id='par_1_3' title="bbox 616 3730 4217 3832">
     <span class='ocr_line' id='line_1_27' title="bbox 616 3730 4217 3832; baseline 0.002 -18"><span class='ocrx_word' id='word_1_331' title='bbox 616 3750 785 3814; x_wconf 77' lang='lat' dir='ltr'><strong>eirea</strong></span> <span class='ocrx_word' id='word_1_332' title='bbox 829 3750 1049 3830; x_wconf 65' lang='lat' dir='ltr'><strong>viginti</strong></span> <span class='ocrx_word' id='word_1_333' title='bbox 1097 3750 1397 3826; x_wconf 81' lang='lat' dir='ltr'><strong>quinque,</strong></span> <span class='ocrx_word' id='word_1_334' title='bbox 1465 3766 1541 3810; x_wconf 83' lang='lat' dir='ltr'><strong>ex</strong></span> <span class='ocrx_word' id='word_1_335' title='bbox 1583 3745 1887 3812; x_wconf 86' lang='lat' dir='ltr'><strong>Cicerone</strong></span> <span class='ocrx_word' id='word_1_336' title='bbox 1932 3751 2189 3826; x_wconf 88' lang='lat' dir='ltr'><strong>sumpta</strong></span> <span class='ocrx_word' id='word_1_337' title='bbox 2234 3745 2363 3811; x_wconf 91' lang='lat' dir='ltr'><strong>sint</strong></span> <span class='ocrx_word' id='word_1_338' title='bbox 2426 3764 2628 3826; x_wconf 91' lang='lat' dir='ltr'><strong>eaque</strong></span> <span class='ocrx_word' id='word_1_339' title='bbox 2692 3763 2991 3826; x_wconf 86' lang='lat' dir='ltr'><strong>magnam</strong></span> <span class='ocrx_word' id='word_1_340' title='bbox 3053 3730 3303 3828; x_wconf 82' lang='lat' dir='ltr'><strong>partem</strong></span> <span class='ocrx_word' id='word_1_341' title='bbox 3365 3769 3442 3815; x_wconf 87' lang='lat' dir='ltr'><strong>ex</strong></span> <span class='ocrx_word' id='word_1_342' title='bbox 3502 3751 3731 3819; x_wconf 89' lang='lat' dir='ltr'><strong>iisdem</strong></span> <span class='ocrx_word' id='word_1_343' title='bbox 3796 3757 4217 3832; x_wconf 80' lang='lat' dir='ltr'><strong>orationibus</strong></span> 
     </span>
    </p>
   </div>
   <div class='ocr_carea' id='block_1_4' title="bbox 608 3860 4190 4906">
    <p class='ocr_par' dir='ltr' id='par_1_4' title="bbox 616 3860 1825 3946">
     <span class='ocr_line' id='line_1_28' title="bbox 616 3860 1825 3946; baseline 0 -16"><span class='ocrx_word' id='word_1_344' title='bbox 616 3874 806 3946; x_wconf 82' lang='lat' dir='ltr'><strong>atque</strong></span> <span class='ocrx_word' id='word_1_345' title='bbox 853 3870 916 3930; x_wconf 83' lang='lat' dir='ltr'><strong>iu</strong></span> <span class='ocrx_word' id='word_1_346' title='bbox 965 3870 1173 3946; x_wconf 80' lang='lat' dir='ltr'><strong>eapite</strong></span> <span class='ocrx_word' id='word_1_347' title='bbox 1213 3862 1313 3930; x_wconf 78' lang='lat' dir='ltr'><strong>‘de</strong></span> <span class='ocrx_word' id='word_1_348' title='bbox 1361 3860 1825 3930; x_wconf 81' lang='lat' dir='ltr'><strong>suhematibus’.</strong></span> 
     </span>
    </p>

    <p class='ocr_par' dir='ltr' id='par_1_5' title="bbox 608 3982 4190 4782">
     <span class='ocr_line' id='line_1_29' title="bbox 873 3982 4189 4072; baseline 0.002 -22"><span class='ocrx_word' id='word_1_349' title='bbox 873 3986 1005 4050; x_wconf 75' lang='lat' dir='ltr'><strong>laru</strong></span> <span class='ocrx_word' id='word_1_350' title='bbox 1049 3986 1405 4066; x_wconf 76' lang='lat' dir='ltr'><strong>quaeritur,</strong></span> <span class='ocrx_word' id='word_1_351' title='bbox 1469 3983 1781 4065; x_wconf 82' lang='lat' dir='ltr'><strong>quomodo</strong></span> <span class='ocrx_word' id='word_1_352' title='bbox 1841 3983 2078 4049; x_wconf 82' lang='lat' dir='ltr'><strong>factum</strong></span> <span class='ocrx_word' id='word_1_353' title='bbox 2141 3983 2259 4063; x_wconf 91' lang='lat' dir='ltr'><strong>sit,</strong></span> <span class='ocrx_word' id='word_1_354' title='bbox 2320 3989 2393 4048; x_wconf 91' lang='lat' dir='ltr'><strong>ut</strong></span> <span class='ocrx_word' id='word_1_355' title='bbox 2452 3982 2625 4065; x_wconf 85' lang='lat' dir='ltr'><strong>apud</strong></span> <span class='ocrx_word' id='word_1_356' title='bbox 2685 3984 3054 4051; x_wconf 87' lang='lat' dir='ltr'><strong>Diomedem</strong></span> <span class='ocrx_word' id='word_1_357' title='bbox 3118 3986 3182 4051; x_wconf 90' lang='lat' dir='ltr'><strong>in</strong></span> <span class='ocrx_word' id='word_1_358' title='bbox 3246 3994 3515 4070; x_wconf 89' lang='lat' dir='ltr'><strong>utroque</strong></span> <span class='ocrx_word' id='word_1_359' title='bbox 3561 3990 3768 4072; x_wconf 89' lang='lat' dir='ltr'><strong>capite</strong></span> <span class='ocrx_word' id='word_1_360' title='bbox 3811 3991 3921 4055; x_wconf 92' lang='lat' dir='ltr'><strong>ille</strong></span> <span class='ocrx_word' id='word_1_361' title='bbox 3968 3999 4189 4055; x_wconf 89' lang='lat' dir='ltr'><strong>auctor</strong></span> 
     </span>
     <span class='ocr_line' id='line_1_30' title="bbox 616 4101 4190 4189; baseline 0.001 -19"><span class='ocrx_word' id='word_1_362' title='bbox 616 4106 801 4170; x_wconf 79' lang='lat' dir='ltr'><strong>simul</strong></span> <span class='ocrx_word' id='word_1_363' title='bbox 849 4122 989 4170; x_wconf 80' lang='lat' dir='ltr'><strong>curu</strong></span> <span class='ocrx_word' id='word_1_364' title='bbox 1037 4103 1409 4182; x_wconf 76' lang='lat' dir='ltr'><strong>Quintiliani</strong></span> <span class='ocrx_word' id='word_1_365' title='bbox 1457 4101 1747 4168; x_wconf 86' lang='lat' dir='ltr'><strong>doctrina</strong></span> <span class='ocrx_word' id='word_1_366' title='bbox 1789 4101 1974 4168; x_wconf 92' lang='lat' dir='ltr'><strong>nobis</strong></span> <span class='ocrx_word' id='word_1_367' title='bbox 2018 4108 2327 4168; x_wconf 86' lang='lat' dir='ltr'><strong>occurrat.</strong></span> <span class='ocrx_word' id='word_1_368' title='bbox 2418 4107 2483 4167; x_wconf 92' lang='lat' dir='ltr'><strong>et</strong></span> <span class='ocrx_word' id='word_1_369' title='bbox 2526 4102 2680 4167; x_wconf 87' lang='lat' dir='ltr'><strong>mihi</strong></span> <span class='ocrx_word' id='word_1_370' title='bbox 2742 4102 2996 4184; x_wconf 89' lang='lat' dir='ltr'><strong>quidem</strong></span> <span class='ocrx_word' id='word_1_371' title='bbox 3057 4105 3213 4171; x_wconf 90' lang='lat' dir='ltr'><strong>nihil</strong></span> <span class='ocrx_word' id='word_1_372' title='bbox 3278 4107 3531 4172; x_wconf 86' lang='lat' dir='ltr'><strong>videtur</strong></span> <span class='ocrx_word' id='word_1_373' title='bbox 3590 4108 3981 4189; x_wconf 89' lang='lat' dir='ltr'><strong>probabilius</strong></span> <span class='ocrx_word' id='word_1_374' title='bbox 4044 4126 4190 4174; x_wconf 90' lang='lat' dir='ltr'><strong>esse</strong></span> 
     </span>
     <span class='ocr_line' id='line_1_31' title="bbox 612 4220 4183 4307; baseline 0.001 -19"><span class='ocrx_word' id='word_1_375' title='bbox 612 4242 801 4306; x_wconf 73' lang='lat' dir='ltr'><strong>quani</strong></span> <span class='ocrx_word' id='word_1_376' title='bbox 849 4222 1217 4286; x_wconf 65' lang='lat' dir='ltr'><strong>Diomeden]</strong></span> <span class='ocrx_word' id='word_1_377' title='bbox 1265 4221 1636 4302; x_wconf 72' lang='lat' dir='ltr'><strong>Quintiliani</strong></span> <span class='ocrx_word' id='word_1_378' title='bbox 1680 4239 1933 4305; x_wconf 90' lang='lat' dir='ltr'><strong>quoque</strong></span> <span class='ocrx_word' id='word_1_379' title='bbox 1977 4221 2434 4303; x_wconf 85' lang='lat' dir='ltr'><strong>explicationes</strong></span> <span class='ocrx_word' id='word_1_380' title='bbox 2478 4240 2595 4302; x_wconf 88' lang='lat' dir='ltr'><strong>per</strong></span> <span class='ocrx_word' id='word_1_381' title='bbox 2635 4220 2815 4287; x_wconf 89' lang='lat' dir='ltr'><strong>illum</strong></span> <span class='ocrx_word' id='word_1_382' title='bbox 2860 4229 3181 4289; x_wconf 88' lang='lat' dir='ltr'><strong>auctorem</strong></span> <span class='ocrx_word' id='word_1_383' title='bbox 3221 4224 3573 4306; x_wconf 85' lang='lat' dir='ltr'><strong>accepisse,</strong></span> <span class='ocrx_word' id='word_1_384' title='bbox 3617 4226 3993 4307; x_wconf 88' lang='lat' dir='ltr'><strong>praesertim</strong></span> <span class='ocrx_word' id='word_1_385' title='bbox 4040 4245 4183 4293; x_wconf 87' lang='lat' dir='ltr'><strong>cum</strong></span> 
     </span>
     <span class='ocr_line' id='line_1_32' title="bbox 612 4339 4187 4429; baseline 0.002 -23"><span class='ocrx_word' id='word_1_386' title='bbox 612 4342 989 4422; x_wconf 78' lang='lat' dir='ltr'><strong>Quintiliani</strong></span> <span class='ocrx_word' id='word_1_387' title='bbox 1033 4342 1313 4422; x_wconf 69' lang='lat' dir='ltr'><strong>vestigia</strong></span> <span class='ocrx_word' id='word_1_388' title='bbox 1373 4350 1504 4406; x_wconf 83' lang='lat' dir='ltr'><strong>tam</strong></span> <span class='ocrx_word' id='word_1_389' title='bbox 1563 4340 1903 4423; x_wconf 86' lang='lat' dir='ltr'><strong>perspicua</strong></span> <span class='ocrx_word' id='word_1_390' title='bbox 1959 4339 2111 4406; x_wconf 90' lang='lat' dir='ltr'><strong>alibi</strong></span> <span class='ocrx_word' id='word_1_391' title='bbox 2172 4341 2345 4422; x_wconf 91' lang='lat' dir='ltr'><strong>apud</strong></span> <span class='ocrx_word' id='word_1_392' title='bbox 2406 4358 2549 4406; x_wconf 91' lang='lat' dir='ltr'><strong>eum</strong></span> <span class='ocrx_word' id='word_1_393' title='bbox 2610 4359 2735 4406; x_wconf 90' lang='lat' dir='ltr'><strong>non</strong></span> <span class='ocrx_word' id='word_1_394' title='bbox 2794 4343 3195 4424; x_wconf 88' lang='lat' dir='ltr'><strong>reperiuntur</strong></span> <span class='ocrx_word' id='word_1_395' title='bbox 3238 4342 3363 4407; x_wconf 86' lang='lat' dir='ltr'><strong>nisi</strong></span> <span class='ocrx_word' id='word_1_396' title='bbox 3407 4343 3606 4409; x_wconf 90' lang='lat' dir='ltr'><strong>semel</strong></span> <span class='ocrx_word' id='word_1_397' title='bbox 3649 4364 3709 4426; x_wconf 88' lang='lat' dir='ltr'><strong>p.</strong></span> <span class='ocrx_word' id='word_1_398' title='bbox 3744 4344 3905 4426; x_wconf 88' lang='lat'><strong>456,</strong></span> <span class='ocrx_word' id='word_1_399' title='bbox 3949 4347 4033 4414; x_wconf 87' lang='grc'><strong>29</strong></span> <span class='ocrx_word' id='word_1_400' title='bbox 4073 4347 4187 4429; x_wconf 92' lang='lat' dir='ltr'><strong>(de</strong></span> 
     </span>
     <span class='ocr_line' id='line_1_33' title="bbox 612 4458 4185 4543; baseline 0.001 -17"><span class='ocrx_word' id='word_1_401' title='bbox 612 4462 861 4542; x_wconf 69' lang='lat' dir='ltr'><strong>traps),</strong></span> <span class='ocrx_word' id='word_1_402' title='bbox 905 4462 1013 4526; x_wconf 91' lang='lat' dir='ltr'><strong>ubi</strong></span> <span class='ocrx_word' id='word_1_403' title='bbox 1057 4462 1229 4526; x_wconf 86' lang='lat' dir='ltr'><strong>illius</strong></span> <span class='ocrx_word' id='word_1_404' title='bbox 1273 4460 1641 4526; x_wconf 75' lang='lat' dir='ltr'><strong>memet-iam</strong></span> <span class='ocrx_word' id='word_1_405' title='bbox 1683 4459 1978 4526; x_wconf 90' lang='lat' dir='ltr'><strong>Diomedi</strong></span> <span class='ocrx_word' id='word_1_406' title='bbox 2020 4459 2147 4542; x_wconf 86' lang='lat' dir='ltr'><strong>ipsi</strong></span> <span class='ocrx_word' id='word_1_407' title='bbox 2190 4458 2409 4525; x_wconf 88' lang='lat' dir='ltr'><strong>deberi</strong></span> <span class='ocrx_word' id='word_1_408' title='bbox 2457 4477 2569 4525; x_wconf 86' lang='lat' dir='ltr'><strong>cur</strong></span> <span class='ocrx_word' id='word_1_409' title='bbox 2608 4465 2940 4543; x_wconf 75' lang='lat' dir='ltr'><strong>putemuS,</strong></span> <span class='ocrx_word' id='word_1_410' title='bbox 3004 4460 3181 4526; x_wconf 86' lang='lat' dir='ltr'><strong>nulla</strong></span> <span class='ocrx_word' id='word_1_411' title='bbox 3224 4465 3327 4525; x_wconf 87' lang='lat' dir='ltr'><strong>est</strong></span> <span class='ocrx_word' id='word_1_412' title='bbox 3370 4479 3597 4543; x_wconf 86' lang='lat' dir='ltr'><strong>causa;</strong></span> <span class='ocrx_word' id='word_1_413' title='bbox 3662 4463 3856 4529; x_wconf 88' lang='lat' dir='ltr'><strong>immo</strong></span> <span class='ocrx_word' id='word_1_414' title='bbox 3900 4483 4052 4530; x_wconf 78' lang='lat' dir='ltr'><strong>vero</strong></span> <span class='ocrx_word' id='word_1_415' title='bbox 4094 4465 4185 4532; x_wconf 93' lang='lat' dir='ltr'><strong>ibi</strong></span> 
     </span>
     <span class='ocr_line' id='line_1_34' title="bbox 610 4578 4185 4662; baseline 0.001 -16"><span class='ocrx_word' id='word_1_416' title='bbox 610 4598 861 4662; x_wconf 77' lang='lat' dir='ltr'><strong>queque</strong></span> <span class='ocrx_word' id='word_1_417' title='bbox 905 4586 1161 4662; x_wconf 81' lang='lat' dir='ltr'><strong>praeter</strong></span> <span class='ocrx_word' id='word_1_418' title='bbox 1205 4582 1437 4646; x_wconf 81' lang='lat' dir='ltr'><strong>Deuati</strong></span> <span class='ocrx_word' id='word_1_419' title='bbox 1485 4585 1549 4646; x_wconf 85' lang='lat' dir='ltr'><strong>et</strong></span> <span class='ocrx_word' id='word_1_420' title='bbox 1592 4578 1866 4646; x_wconf 82' lang='lat' dir='ltr'><strong>Charisii</strong></span> <span class='ocrx_word' id='word_1_421' title='bbox 1907 4584 2203 4644; x_wconf 85' lang='lat' dir='ltr'><strong>auctores</strong></span> <span class='ocrx_word' id='word_1_422' title='bbox 2248 4580 2506 4646; x_wconf 88' lang='lat' dir='ltr'><strong>tertium</strong></span> <span class='ocrx_word' id='word_1_423' title='bbox 2548 4578 2787 4647; x_wconf 83' lang='lat' dir='ltr'><strong>fontem</strong></span> <span class='ocrx_word' id='word_1_424' title='bbox 2833 4578 3128 4645; x_wconf 91' lang='lat' dir='ltr'><strong>Diomedi</strong></span> <span class='ocrx_word' id='word_1_425' title='bbox 3184 4586 3444 4661; x_wconf 89' lang='lat' dir='ltr'><strong>praesto</strong></span> <span class='ocrx_word' id='word_1_426' title='bbox 3499 4580 3701 4649; x_wconf 87' lang='lat' dir='ltr'><strong>fuisse</strong></span> <span class='ocrx_word' id='word_1_427' title='bbox 3759 4584 4185 4651; x_wconf 87' lang='lat' dir='ltr'><strong>demonstrari</strong></span> 
     </span>
     <span class='ocr_line' id='line_1_35' title="bbox 608 4706 849 4782; baseline -0.004 -20"><span class='ocrx_word' id='word_1_428' title='bbox 608 4706 849 4782; x_wconf 78' lang='lat' dir='ltr'><strong>petest.</strong></span> 
     </span>
    </p>

    <p class='ocr_par' dir='ltr' id='par_1_6' title="bbox 869 4810 4184 4906">
     <span class='ocr_line' id='line_1_36' title="bbox 869 4810 4184 4906; baseline 0.001 -24"><span class='ocrx_word' id='word_1_429' title='bbox 869 4818 1065 4882; x_wconf 85' lang='lat' dir='ltr'><strong>Tres</strong></span> <span class='ocrx_word' id='word_1_430' title='bbox 1109 4818 1305 4898; x_wconf 78' lang='lat' dir='ltr'><strong>igitur</strong></span> <span class='ocrx_word' id='word_1_431' title='bbox 1349 4817 1693 4884; x_wconf 82' lang='lat' dir='ltr'><strong>Diemedes</strong></span> <span class='ocrx_word' id='word_1_432' title='bbox 1737 4817 1802 4885; x_wconf 92' lang='lat' dir='ltr'><strong>in</strong></span> <span class='ocrx_word' id='word_1_433' title='bbox 1864 4816 2074 4899; x_wconf 87' lang='lat' dir='ltr'><strong>capite</strong></span> <span class='ocrx_word' id='word_1_434' title='bbox 2115 4810 2217 4883; x_wconf 87' lang='lat' dir='ltr'><strong>‘de</strong></span> <span class='ocrx_word' id='word_1_435' title='bbox 2261 4811 2727 4898; x_wconf 84' lang='lat' dir='ltr'><strong>schematibus’,</strong></span> <span class='ocrx_word' id='word_1_436' title='bbox 2790 4817 2958 4883; x_wconf 89' lang='lat' dir='ltr'><strong>sicut</strong></span> <span class='ocrx_word' id='word_1_437' title='bbox 2998 4817 3065 4882; x_wconf 91' lang='lat' dir='ltr'><strong>in</strong></span> <span class='ocrx_word' id='word_1_438' title='bbox 3109 4817 3519 4900; x_wconf 85' lang='lat' dir='ltr'><strong>praecedenti</strong></span> <span class='ocrx_word' id='word_1_439' title='bbox 3560 4814 3663 4889; x_wconf 88' lang='lat' dir='ltr'><strong>‘de</strong></span> <span class='ocrx_word' id='word_1_440' title='bbox 3705 4815 4184 4906; x_wconf 84' lang='lat' dir='ltr'><strong>metaplasmis&#39;,</strong></span> 
     </span>
    </p>
   </div>
   <div class='ocr_carea' id='block_1_5' title="bbox 4813 2073 4817 2718">
    <p class='ocr_par' dir='ltr' id='par_1_7' title="bbox 4813 2073 4817 2718">
     <span class='ocr_line' id='line_1_37' title="bbox 4813 2073 4817 2718; baseline 0 0"><span class='ocrx_word' id='word_1_441' title='bbox 4813 2073 4817 2718; x_wconf 95' lang='lat' dir='ltr'><strong> </strong></span> 
     </span>
    </p>
   </div>
  </div>
 </body>
</html>
