4817 5934
2081 609 2595 681 -15-

550 827 707 876 casu
753 827 1014 874 numero
1059 807 1370 890 singulari
1409 807 1430 871 i
1478 806 1576 892 (u)
1622 807 1841 871 littera
1882 803 2190 872 finiuntur
2232 825 2466 890 genere
2506 805 2860 872 masculino
2914 810 2978 871 et
3018 804 3341 871 feminino’
3410 806 3571 890 (velt
3613 801 3826 876 ‘masc
3873 814 3939 875 et
3982 809 4126 875 fem.

550 924 872 1010 genere’);
936 927 1168 991 deinde
1213 944 1402 1008 quam
1447 925 1824 990 brevissime
1847 929 1872 966 ²
1887 927 1947 1006 ⁴)
1993 925 2376 1006 explicatur,
2436 925 2752 1006 quomodo
2800 943 2876 988 ex
2920 924 3200 991 ablativo
3244 924 3553 1008 singulari
3599 925 3886 992 oriantur
3930 929 4129 994 nomi-

553 1047 806 1112 nativus
850 1046 1256 1112 accusativus
1299 1042 1664 1122 vocativus,
1723 1042 2092 1125 genetivus,
2151 1043 2407 1109 dativus
2455 1049 2523 1109 et
2566 1043 2885 1110 ablativus
2931 1042 3219 1125 pluralis,
3308 1049 3373 1108 et
3418 1043 3472 1109 si
3518 1063 3683 1108 nunc
3744 1047 4126 1129 quaerimuS,

551 1167 694 1229 nter
737 1183 1132 1229 communem
1175 1161 1412 1228 fontem
1457 1161 1642 1226 nobis
1687 1168 2131 1242 repraesentet
2171 1163 2615 1244 integriorem,
2673 1161 2981 1244 integrior
3025 1166 3237 1227 exstat
3280 1164 3453 1243 apud
3497 1163 3873 1250 charisium.
3964 1184 4125 1247 quae

551 1284 872 1350 sententia
931 1283 1241 1348 evincitur
1285 1299 1410 1346 uno
1457 1285 1851 1361 argumento.
1938 1281 2002 1345 in
2047 1280 2174 1346 illis
2221 1281 2425 1362 enim,
2480 1299 2645 1362 quae
2689 1279 3033 1346 Diomedes
3091 1299 3230 1346 cum
3276 1280 3566 1347 Charisio
3610 1280 3651 1346 l.
3683 1282 3723 1346 l.
3770 1285 4127 1350 communia

549 1402 762 1481 habet,
806 1403 1046 1467 nullum
1095 1400 1269 1466 aliud
1312 1400 1572 1464 verbum
1617 1399 2002 1464 terminandi
2038 1400 2312 1465 occurrit
2355 1399 2481 1466 nisi
2522 1393 2724 1464 ‘finiri’
2746 1402 2865 1480 ²⁵),
2908 1406 2981 1463 ut
3012 1401 3132 1464 hoc
3164 1399 3425 1465 verbum
3461 1401 3811 1467 communis
3846 1404 4126 1470 auctoris

545 1523 874 1603 proprium
917 1517 1120 1586 fuisse
1157 1535 1420 1584 necesse
1453 1519 1558 1583 sit.
1646 1525 1842 1601 atque
1885 1536 2025 1583 cum
2060 1518 2402 1584 Diomedes
2447 1519 2513 1583 in
2557 1518 2656 1598 iis,
2704 1536 2869 1599 quae
2900 1518 3229 1584 Charisius
3274 1519 3314 1584 l.
3345 1519 3385 1584 l.
3429 1536 3555 1584 non
3601 1520 3884 1601 praebet,
3928 1523 4126 1587 semel

547 1640 741 1704 modo
786 1639 1046 1704 verbum
1089 1631 1388 1703 ‘finiendi'
1441 1637 1806 1702 adhibuerit
1847 1637 2196 1718 (306,15)‚
2255 1653 2453 1718 saepe
2512 1655 2662 1701 vero
2722 1655 2880 1702 usus
2940 1637 3025 1704 sit
3088 1638 3280 1704 verbo
3322 1631 3746 1704 ‘terminandi'
3804 1639 3975 1723 (303,
4006 1642 4121 1723 33;

548 1758 650 1823 37.
695 1759 840 1840 304,
876 1761 930 1823 7.
975 1759 1119 1837 306,
1155 1759 1260 1836 1ος
1311 1757 1422 1835 18;
1467 1757 1570 1822 29.
1625 1757 1769 1838 307,
1811 1757 1874 1836 1;
1921 1756 1991 1840 5)
2049 1755 2151 1820 vel
2203 1750 2519 1820 ‘exeundi’
2574 1756 2746 1840 (306,
2776 1755 2847 1837 5;
2896 1756 2966 1836 7;
3017 1758 3129 1838 14;
3177 1759 3291 1837 17;
3334 1757 3437 1821 20.
3494 1758 3640 1839 307,
3668 1757 3739 1842 5)
3801 1759 3903 1822 vel
3966 1753 4125 1824 ‘mit-

551 1873 751 1940 tendi'
803 1876 900 1942 vel
942 1871 1309 1955 ‘efferendi',
1369 1874 1473 1938 vel
1518 1875 1638 1939 hac
1681 1892 1811 1939 una
1855 1873 2218 1940 differentia
2261 1875 2425 1940 alter
2467 1873 2611 1939 fons
2656 1875 2991 1940 indicatur.
3078 1874 3328 1941 accedit
3368 1875 3539 1958 quod
3584 1893 3694 1955 ea,
3740 1895 3905 1960 quae
3950 1881 4123 1960 apud

550 1995 905 2060 Charisium
947 1994 987 2060 l.
1025 1995 1066 2059 l.
1111 2013 1238 2060 non
1283 1999 1570 2074 exstant,
1632 1994 1888 2060 aliunde
1933 1999 2191 2075 sumpta
2234 2011 2379 2058 esse
2424 1993 2615 2058 etiam
2658 1993 2809 2058 inde
2852 1999 3151 2076 apparet,
3213 1995 3381 2076 quod
3438 1995 3597 2060 haec
3654 1996 3888 2078 partim
3950 1999 4123 2080 apud

542 2114 883 2193 Donatum,
925 2113 1158 2195 partim
1205 2114 1376 2196 apud
1422 2113 1778 2178 Charisium
1825 2111 1968 2178 aliis
2010 2112 2168 2177 locis
2213 2113 2653 2192 inveniuntur3

717 2233 795 2298 cf.
839 2233 1125 2298 Diomed.
1157 2233 1302 2312 303,
1335 2233 1588 2306 32-;-37
1772 2249 1914 2296 cum
1957 2231 2189 2296 Donat.
2223 2232 2366 2312 378,
2397 2232 2586 2297 3-6,

1159 2352 1302 2432 304,
1339 2351 1544 2416 1-16
1817 2400 1852 2431 ,,
1957 2349 2202 2416 Charis.
2233 2352 2334 2430 20,
2369 2352 2597 2430 7-21,
2630 2352 2662 2415 1
2711 2355 2822 2429 (---
2864 2353 3173 2430 Anonym.
3206 2351 3316 2415 Gr.
3348 2351 3458 2415 lat.
3490 2351 3538 2432 I,
3568 2352 3713 2435 538,
3744 2353 3978 2433 8--18)

1159 2472 1302 2550 304,
1332 2470 1650 2552 34-305,
1689 2471 1728 2535 8
1816 2519 1852 2550 ,,
2071 2519 2105 2549 ,,
2226 2470 2327 2549 31,
2362 2469 2609 2534 12-21
2659 2473 2768 2548 (=
2812 2473 2931 2533 An.
2962 2469 3107 2550 547,
3141 2469 3437 2550 19—26).

1159 2591 1302 2670 305,
1333 2591 1591 2656 22-24
1822 2640 1856 2670 ,,
1959 2588 2190 2653 Donat.
2223 2588 2366 2668 378,
2401 2588 2670 2653 12-14,
3432 2573 3437 2576 ’

1159 2710 1304 2789 306,
1333 2711 1542 2775 5-27
1818 2758 1852 2789 ,,
2069 2757 2104 2789 ,,
2223 2707 2299 2773 37
2311 2707 2368 2788 8,
2399 2708 2671 2774 22-30.

1156 2829 1302 2908 306,
1331 2830 1488 2893 27-
1503 2829 1647 2909 307,
1683 2829 1724 2893 6
1809 2877 1843 2908 ,,
1951 2825 2194 2892 Charis,
2223 2828 2328 2906 47,
2358 2826 2572 2892 3--13
2618 2831 2727 2906 (=
2771 2828 2889 2891 An.
2918 2826 3064 2907 545,
3096 2827 3351 2906 9-22).

1157 2947 1300 3026 307,
1334 2947 1586 3012 18-23
1820 2997 1856 3027 ,,
1959 2945 2190 3010 Donat.
2221 2946 2366 3027 378,
2397 2945 2714 3025 33-379,
2745 2946 2806 3010 4.

1157 3065 1302 3144 308,
1336 3067 1501 3131 1-5
1806 3115 1840 3146 ,,
2059 3114 2096 3145 ,,
2217 3065 2361 3144 379,
2393 3063 2562 3130 7--9
2584 3067 2702 3144 ²⁸).

545 3183 790 3261 Quibus
835 3183 1084 3248 collatis
1129 3184 1536 3262 Diomedem,
1599 3184 1898 3265 quoniam
1943 3182 2131 3247 modo
2177 3199 2320 3246 cum
2365 3183 2619 3247 Donato
2660 3183 2851 3248 modo
2897 3201 3039 3248 cum
3084 3182 3372 3249 charisio
3419 3185 3517 3267 (et
3558 3185 3891 3266 Anonymo
3933 3187 4119 3271 Bob.)

544 3303 902 3384 conspirat,
965 3322 1042 3368 ne
1098 3302 1260 3368 haec
1318 3302 1570 3384 quidem
1632 3321 1710 3367 ex
1766 3320 1898 3367 uno·
1951 3301 2154 3382 fonte,
2211 3301 2330 3366 sed
2379 3320 2455 3366 ex
2501 3300 2749 3365 duobus
2807 3302 3106 3368 hausisse
3154 3308 3256 3368 est
3296 3303 3723 3385 perspicuum.
3811 3324 3961 3387 ergo
4004 3326 4121 3388 per

541 3425 744 3486 totum
791 3428 985 3503 caput
1023 3415 1122 3488 ‘de
1153 3421 1433 3488 ablativo
1470 3415 1798 3503 singulari’
1841 3428 2102 3486 secutus
2147 3425 2247 3486 est
2290 3425 2422 3485 tres
2468 3423 2781 3502 auctoreS,
2824 3439 3091 3502 quorum
3134 3423 3492 3488 doctrinam
3536 3422 3600 3488 in
3646 3441 3842 3488 unum
3888 3441 4118 3506 corpus

538 3541 1010 3608 contaminavit.

797 3659 999 3739 Satis,
1060 3664 1249 3740 puto,
1307 3660 1634 3725 Diomedis
1693 3659 2004 3726 rationem
2063 3658 2449 3740 compilandi
2507 3657 2967 3724 illustravimus
2990 3662 3109 3740 Η).
3195 3659 3323 3725 iam
3383 3665 3786 3728 transeamus
3848 3664 3932 3727 ad
3978 3682 4118 3728 eam

536 3777 866 3844 Diomedis
915 3779 1072 3843 artis
1117 3780 1572 3859 grammaticae
1614 3785 1884 3860 partem,
1927 3797 2117 3860 quam
2163 3796 2361 3861 supra
2404 3779 2495 3862 (p.
2526 3779 2594 3860 9)
2638 3776 3086 3845 indicavimus.

797 4037 902 4112 24)
949 4037 1298 4116 plerumque
1343 4037 1605 4097 ablativo
1651 4036 1921 4097 absoluto
1967 4038 2234 4096 adhibito
2279 4037 2377 4096 vel
2424 4037 2682 4096 secunda
2724 4055 2979 4113 persona
3022 4037 3253 4096 numeri
3299 4038 3644 4114 singularis,
3693 4047 3787 4098 ut:
3832 4041 4117 4100 sublatai

587 4184 601 4197 .
633 4184 647 4198 .
695 4139 968 4216 apposita
1012 4159 1075 4198 es
1117 4183 1132 4198 .
1168 4184 1181 4197 .
1214 4186 1226 4198 .
1271 4140 1526 4211 faciunt3
1575 4139 1803 4199 adiecta
1845 4158 1881 4197 a
1925 4185 1940 4198 .
1973 4185 1992 4200 .
2023 4184 2039 4200 .
2083 4139 2219 4212 fiet3
2259 4137 2443 4198 facies
2489 4181 2504 4198 .
2536 4184 2549 4197 .
2584 4185 2597 4198 .
2645 4139 2697 4198 si
2739 4138 2977 4198 adicias.

798 4241 905 4318 25)
949 4242 1131 4301 semel
1175 4243 1330 4318 apud
1375 4242 1567 4301 Diom.
1615 4244 1785 4319 (305,
1818 4244 1881 4321 9)
1921 4232 2167 4301 ‘fuerint
2208 4234 2575 4315 terminata’3
2640 4242 2745 4301 sed
2786 4243 2860 4301 cf.
2909 4260 3033 4322 seq.
3080 4244 3278 4303 adnot.
3324 4249 3387 4303 et
3426 4243 3643 4304 Donat.
3695 4244 3842 4315 378,
3892 4250 3954 4315 ὃς
4010 4251 4112 4318 11;

547 4345 652 4412 15;
705 4348 806 4415 18;
855 4348 950 4402 31.

797 4446 901 4521 26)
947 4447 1535 4506 animadvertendum
1581 4453 1699 4520 est,
1747 4447 1904 4526 quod
1951 4465 2147 4526 neque
2191 4447 2348 4522 apud
2393 4445 2725 4505 Charisium
2770 4465 2965 4526 neque
3009 4447 3167 4523 apud
3210 4447 3524 4518 Donatum,
3571 4447 3726 4505 sicut
3769 4449 3925 4523 apud
3967 4447 4111 4507 Dio-

540 4547 788 4618 medem,
853 4566 973 4606 non
1033 4554 1154 4608 tam
1214 4551 1462 4609 verbum
1521 4540 1804 4609 ‘finiendi’
1874 4567 2053 4628 quam
2111 4551 2300 4608 verba
2349 4539 2771 4622 ‘terminandi'‚
2835 4538 3175 4622 ‘mittendi’,
3240 4537 3561 4621 ‘exeundi',
3626 4540 3954 4609 ‘efferendi’
4018 4569 4109 4610 re-

536 4649 864 4726 pariuntur.

799 4750 904 4827 27)
951 4751 1044 4810 cui
1086 4773 1228 4812 vero
1274 4753 1549 4830 exempla
1591 4753 1823 4830 prolata
1864 4772 1986 4813 non
2031 4752 2362 4825 sufficiunt,
2422 4751 2542 4812 alia
2582 4758 2834 4829 possunt
2878 4752 3109 4826 offerri,
3151 4753 3321 4815 velut
3361 4753 3631 4814 Diomed.
3681 4759 3822 4827 310,
3864 4759 3943 4812 30
3976 4774 4105 4834 sqq.-

536 4853 674 4914 coll.
718 4854 942 4913 Charis.
990 4857 1106 4912 291
1143 4875 1273 4935 sqq.
