4817 5934
2188 578 2698 649 ...42—

1744 779 2062 839 Diomedes
2108 785 2250 853 443,
2298 785 2334 837 6
2367 799 2499 859 sqq.
2545 779 2662 855 (De
2707 777 3147 855 schematibus).

912 896 1238 972 Schemate,
1284 915 1434 977 quae
1478 896 1662 957 latine
1706 897 1930 973 figurae
1973 902 2280 972 vocantur,
2338 898 2492 958 sicut
2533 897 2774 957 nomine
2816 898 2947 974 ipso
2991 903 3173 975 patet,
3219 896 3715 957 conformationes
3759 902 3899 958 sunt
3941 898 4229 977 quaedam

657 1000 984 1060 sententiae
1020 1004 1283 1060 remotae
1317 1019 1353 1058 a
1387 999 1680 1060 communi
1725 1019 1761 1059 a
1811 1000 1940 1073 hae,
1985 1003 2055 1060 ut
2089 999 2496 1063 Quintilianus
2540 999 2857 1072 existimat,
2902 1001 3048 1060 adeo
3092 1000 3281 1076 tropis
3323 999 3454 1076 ipsa
3495 999 3581 1058 rei
3627 1005 3838 1060 natura
3882 1000 4231 1060 coniunctae

656 1108 820 1174 sunt,
887 1107 957 1162 ut
998 1120 1034 1160 a
1078 1101 1428 1178 quibusdam
1473 1107 1780 1178 troporum
1824 1120 2040 1161 nomen
2084 1103 2439 1179 acceperint,
2497 1102 2624 1161 sive
2683 1102 2843 1181 quod
2901 1103 3161 1162 forment
3214 1102 3541 1161 orationem
3587 1103 3714 1163 sive
3759 1103 3918 1182 quod
3962 1108 4226 1174 vertant3

656 1206 812 1262 unde
856 1214 917 1266 st
961 1210 1153 1262 motus
1197 1206 1487 1262 dicuutur.
1581 1206 1770 1278 figura
1811 1204 1997 1280 igitur
2037 1209 2130 1264 est
2172 1211 2300 1265 arte
2344 1204 2546 1285 aliqua
2591 1212 2810 1264 novata
2851 1205 3044 1263 forma
3086 1205 3338 1264 dicendi.
3412 1204 3591 1264 huius
3635 1211 3835 1281 partes
3879 1206 4023 1264 duas
4068 1203 4227 1277 facit,

656 1306 949 1378 diffluens}
997 1306 1153 1386 quud
1197 1314 1289 1366 est
1337 1306 1709 1382 flagitationis
1757 1312 1815 1366 et
1857 1324 2082 1380 sensus,
2128 1314 2190 1368 et
2229 1306 2513 1384 logum),
2562 1307 2720 1386 quod
2765 1311 2857 1366 est
2900 1306 3251 1366 elocutionis
3295 1312 3474 1385 atque
3519 1307 3856 1366 verborum.

1169 1746 1437 1806 Donatus
1485 1750 1625 1818 39'5‘,
1673 1754 1707 1806 4
1745 1768 1874 1827 sqq.

784 1866 1193 1926 Selia-mutu
1237 1866 1513 1922 lexeos
1557 1878 1733 1926 suut.
1767 1865 2268 1941 etdianoeaS,
2314 1866 2384 1926 id

660 1974 780 2026 est
848 1966 1149 2042 figuras
1217 1970 1625 2026 reth-urum
1693 1977 1764 2026 et
1828 1987 2195 2029 sensuum.
2284 1969 2386 2029 sed

660 2070 957 2128 sehsmsta
1001 2070 1277 2126 &innuens
1317 2070 1389 2126 ud
1425 2078 1685 2130 oratores
1729 2069 2047 2146 pertinent,
2095 2070 2169 2129 ad
2198 2089 2388 2146 gram-

656 2172 905 2230 mutiuus
937 2170 1157 2230 leneus.
1229 2190 1377 2250 quus
1421 2190 1553 2230 nutu
1597 2174 1782 2231 multa
1826 2172 1962 2244 sint,
2007 2190 2084 2230 ex
2116 2172 2389 2232 omnibus

656 2273 985 2330 nene-ssuriu
1045 2274 1169 2330 fere
1229 2278 1365 2330 suut
1429 2274 1625 2334 desem
1689 2282 1749 2334 ut
1805 2278 2049 2351 septem.
2138 2294 2388 2354 quorum

656 2378 800 2434 husu
844 2382 985 2434 suut
1029 2374 1297 2430 numina:
2118 2387 2131 2400 ·

1121 2682 1509 2758 prolepsis
1553 2701 1864 2758 zeugma
1905 2683 2390 2760 hypozeuxis

656 2778 1033 2858 syllepsis
1101 2782 1577 2858 anadiplnsis
1645 2784 2038 2859 anaphora
2102 2803 2389 2861 epana-

656 2882 909 2958 lepsis
993 2886 1405 2958 epizeuxis
1477 2886 2010 2958 paronomasia
2083 2885 2387 2945 schesis

656 2990 1077 3042 nnnmutnn
1121 2986 1645 3062 purhnmneuu
1693 2984 2385 3048 homoeoteleuton

652 3086 1385 3162 hcmsesptntun'fl]
1421 3088 1895 3166 pnlyptnton
1929 3087 2215 3149 hirmos
2254 3109 2385 3166 po-

656 3186 1126 3266 lysyndstnn
1173 3190 1545 3266 dialyton.

1249 3290 1641 3366 Prolepsis
1689 3296 1807 3351 est
1847 3296 2383 3372 praesumptio

652 3410 888 3450 :terum
937 3390 1213 3450 urdine
1257 3402 1797 3466 secuturarum,
1841 3399 1942 3453 ut:

780 3686 1181 3758 ‘nantinus
1213 3718 1441 3774 reges
1473 3701 1770 3774 ingenti
1815 3700 2006 3761 mole
2044 3694 2384 3764 Latinus'

652 3806 712 3854 et
756 3810 949 3858 cetera
997 3798 1193 3874 [Uerg.
1233 3806 1305 3858 A.
1349 3806 1441 3870 12,
1489 3806 1593 3858 151
1629 3800 1802 3882 sqq).

2961 1748 3279 1808 Diomedes
3325 1754 3464 1822 443,
3519 1753 3591 1808 12
3629 1767 3760 1828 sqq.

3957 1967 4059 2025 sed
4100 1986 4225 2026 cum

2494 2073 2572 2131 ad
2627 2075 2939 2131 oratiorias
2997 2075 3233 2130 virtutes
3295 2075 3583 2151 pertineat
3639 2071 3863 2130 schema
3925 2071 4218 2140 dianoeas,

2494 2194 2597 2232 nos
2651 2176 2720 2231 de
2763 2193 2827 2232 eo
2871 2175 3184 2253 loquimur,
3248 2173 3400 2251 quod
3449 2175 3674 2232 schema
3736 2175 3927 2231 lexeos
3985 2172 4220 2242 dicitur,

2495 2279 2658 2334 cm'us
2683 2276 2890 2353 finitio
2934 2286 3024 2335 est
3057 2277 3193 2335 talis
3210 2298 3228 2333 .·
3277 2277 3503 2335 schema
3549 2276 3742 2334 lexeos
3785 2284 3871 2333 est
3913 2275 4053 2332 ordo
4101 2293 4225 2332 ver-

2496 2378 2693 2436 borum
2738 2378 2911 2436 aliter
2952 2397 3121 2456 quam
3165 2378 3325 2437 debet
3355 2378 3666 2456 figuratus
3711 2381 3881 2436 metri
3918 2387 4023 2435 aut
4064 2376 4225 2434 deco-

2494 2483 2582 2538 ris
2626 2486 2730 2540 aut
2771 2481 3117 2556 emphaseos
3159 2480 3364 2556 gratia.
3450 2479 3619 2538 huius
3662 2482 3873 2557 species
3914 2488 4050 2537 sant
4083 2479 4226 2536 mul-

2497 2592 2609 2653 tae,
2671 2582 2774 2640 sed
2823 2586 3179 2642 necessariae
3221 2585 3532 2642 traduntur
3547 2627 3564 2654 ,
3634 2601 3742 2661 per
3796 2600 3945 2661 quas
4004 2578 4226 2639 similes

2494 2683 2877 2760 colligentur,
2937 2684 3326 2762 prolepsis
3381 2704 3689 2761 zeugma
3741 2681 4224 2762 hypozeuxis

2493 2786 2860 2865 syllepsis
2896 2785 3284 2868 [asyndeton]
3320 2787 3795 2863 anadiplosis
3828 2785 4223 2862 anaphora,

2492 2887 2609 2946 alia
2667 2889 3001 2965 anaphora,
3063 2890 3540 2966 epanalepsis
3596 2887 3995 2965 epizeuxis
4055 2904 4222 2962 par-

2490 2990 2873 3050 onomasia
2925 2991 3209 3051 schesis
3262 2995 3667 3051 onomaton
3724 2990 4222 3067 parhomoeon

2490 3092 3157 3153 homoeoteleuton
3213 3094 3809 3170 homoeoptoton
3863 3091 4222 3169 polypto-

2490 3200 2617 3255 ton
2660 3195 2938 3255 hirmos
2981 3216 3019 3272 p
3039 3196 3543 3275 olysyndeton
3589 3196 3940 3272 dialyton
3985 3192 4222 3252 climax.

2619 3299 2702 3355 De
2736 3299 3009 3375 prolepsi.
3101 3299 3494 3376 Prolepsis
3534 3304 3648 3358 est
3684 3294 4219 3374 pronuntiatio

2491 3419 2735 3459 rerum
2796 3401 3064 3460 ordine
3123 3409 3578 3472 secutarum,
3646 3398 3710 3456 id
3762 3407 3847 3456 est
3905 3416 4030 3455 cum
4090 3404 4223 3453 ante

2490 3520 2754 3560 numeras
2805 3501 2971 3560 verbo
3014 3501 3275 3560 redditur
3317 3521 3481 3579 quam
3521 3520 3800 3579 personae
3841 3499 4214 3576 definiantur,

2490 3613 2553 3661 ut
2593 3612 2712 3661 est.-

2616 3697 3010 3765 ‘continuo
3071 3724 3318 3780 reges,
3384 3707 3687 3784 ingenti
3749 3705 3946 3765 mole
4006 3703 4219 3763 Lati·

2490 3827 2628 3866 nus
2672 3806 3131 3887 quadriiugo
3176 3829 3233 3869 v.
3279 3828 3328 3868 c.
3372 3810 3429 3869 b.
3473 3810 3512 3867 i.
3560 3808 3627 3867 Τ.
3675 3853 3689 3867 .
3736 3855 3751 3868 .
3796 3808 4220 3884 procedunt

2490 3910 2712 3969 castri
2732 3903 2784 3969 ι’
2836 3909 3038 3988 (Verg.
3073 3914 3146 3970 A.
3186 3914 3279 3985 12,
3322 3916 3433 3971 161
3463 3910 3619 3991 sqq.)

2488 4017 2551 4072 et
2592 4011 2763 4071 aliter
2808 4011 2879 4070 de
2922 4013 3185 4090 prolepsi
3229 4015 3585 4091 disputatur,
3632 4033 3764 4072 cum
3806 4011 3866 4070 id
3912 4010 4070 4088 quod
4112 4028 4216 4084 po-

2488 4114 2703 4174 sterius
2736 4114 2952 4174 accidit
2993 4120 3131 4174 ante
3162 4121 3397 4193 tempus
3430 4114 3768 4186 ascribitur,
3814 4117 3882 4171 ut
3922 4102 4216 4170 ‘Lavinia-

2487 4234 2602 4296 que
2647 4236 2703 4276 v.
2743 4206 2800 4275 l.'
2845 4218 2942 4295 (A.
2980 4221 3033 4290 1,
3066 4216 3130 4294 2)
3144 4238 3160 4289 ;
3203 4216 3518 4276 Lavinium
3562 4216 3719 4274 enim
3764 4213 4024 4272 nondum
4070 4213 4213 4285 erat,

2484 4336 2617 4377 cum
2660 4319 2732 4377 ad
2767 4318 3002 4378 Italiam
3046 4317 3216 4378 venit
3249 4320 3498 4376 Aeneas.
3581 4320 3642 4376 et
3685 4315 3839 4392 apud
3871 4313 4214 4375 Sallustium

2485 4420 2647 4496 (hist.
2675 4422 2724 4494 1,
2749 4420 2813 4497 9)
2848 4410 3129 4480 ‘montem
3164 4438 3392 4480 sacrum
3426 4425 3604 4499 atque
3639 4422 3754 4478 Av.
3788 4408 3865 4491 i.',
3909 4417 4013 4498 qui
4044 4437 4214 4477 mons

2484 4522 2559 4580 ab
2604 4522 2745 4595 hoc,
2808 4524 2949 4603 quia
2990 4520 3157 4580 illum
3200 4521 3368 4598 plebs
3411 4521 3739 4593 insederat,
3801 4525 4009 4596 postea
4052 4538 4217 4580 sacer

2486 4624 2678 4684 dictus
2720 4630 2829 4684 est.

909 4768 1013 4846 ῗϋ)
1061 4770 1133 4826 ef.
1181 4790 1237 4842 p.
1273 4774 1413 4842 443,
1461 4774 1525 4826 Π
1549 4794 1561 4830 ι
1605 4762 1919 4833 'suhemata
1962 4772 2133 4848 logu
2177 4767 2569 4852 appellantur’
2613 4785 2674 4839 et
2718 4778 2789 4837 R.
2822 4775 3183 4837 Volkmanni
3228 4766 3663 4851 ‘Hermagoras’
3707 4797 3765 4853 p.
3804 4782 3946 4835 269.

909 4870 1009 4946 71]
1061 4870 1521 4946 homneuptutuu
1565 4882 1701 4950 pust
1745 4876 2258 4936 homoeoteleuton
2304 4879 2551 4956 praebet
2584 4889 2645 4938 et
2678 4880 2775 4939 hic
2809 4883 2870 4939 et
2901 4877 3058 4936 infra
3099 4878 3225 4936 cod.
3257 4877 3462 4952 Paris„
3507 4884 3816 4956 praeterea
3857 4879 4210 4955 parhomoeo

648 4970 1185 5046 humuentelsutnn‚
1229 4974 1689 5050 humo-sopiatur:
1733 4976 2042 5055 polyptoto
2088 4980 2447 5040 contrarium
2492 4985 2597 5041 est.
