4817 5934
2164 609 2630 680 ...7—

601 811 842 878 ostium
902 808 1205 876 ostiatim.
1291 826 1512 874 verum
1554 825 1638 873 ne
1678 807 1801 873 has
1844 805 2102 889 quidem
2145 805 2495 872 varietates
2547 807 2769 872 omne‘s
2821 804 3303 888 persequendas
3348 803 3659 886 putarim,
3724 803 3887 870 satis
3932 809 4034 870 est
4074 820 4190 885 po-

608 931 820 996 suisse
863 927 1133 1011 aliquae,
1175 945 1296 1010 per
1337 943 1499 1009 quas
1546 933 1614 991 et
1655 932 1910 992 ceterae
1952 924 2355 1006 colligantur.

861 1048 964 1114 22.
1031 1046 1208 1127 Serg.
1239 1045 1406 1126 expl.
1449 1045 1596 1124 560,
1631 1045 1744 1110 19:
1791 1043 2124 1113 Scaurus
2165 1044 2288 1110 hoc
2331 1042 2559 1109 ordine
2601 1042 2822 1125 posuit
2866 1041 3489 1108 coniunctiones
3536 1040 3969 1124 copulativae:
4016 1045 4083 1106 et
4118 1043 4187 1106 at
4367 1043 4443 1092 1³·

601 1173 802 1250 atque
843 1167 1036 1230 immo
1082 1169 1187 1230 ast
1229 1181 1333 1244 ac;
1379 1163 1796 1230 disiunctivas
1843 1163 1963 1229 sic:
2010 1166 2125 1228 aut
2164 1182 2244 1229 ve
2289 1163 2387 1227 vel
2434 1180 2553 1228 nec
2596 1179 2834 1244 neque;
2879 1160 3231 1244 expletivae
3266 1159 3600 1226 Scaurus
3635 1160 3729 1226 sic
3764 1160 4007 1242 posuit:
4050 1157 4190 1241 qui·
4218 1128 4597 1179 ⁰⁰²¹¹²¹²⁰fi⁰¹²²

603 1287 752 1354 dem
785 1284 1079 1368 equidem
1115 1301 1368 1366 quoque
1399 1289 1614 1349 autem
1644 1289 1855 1348 tamen
1887 1299 2111 1364 porr03
2157 1281 2483 1348 causales:
2528 1281 2585 1346 si
2618 1282 2741 1348 etsi
2786 1279 3043 1346 etiamsi
3086 1284 3222 1345 tam
3264 1279 3529 1344 tametsi
3571 1279 3889 1362 siquidem
3932 1276 4189 1360 quando

604 1402 1118 1488 quandoquidem
1161 1401 1314 1486 quin
1358 1400 1706 1483 quinetiam
1753 1400 2048 1467 sinetiam
2094 1401 2238 1467 sive·
2264 1417 2383 1465 seu
2413 1400 2527 1464 ‘sin
2570 1419 2719 1466 nam
2764 1417 3039 1480 namque
3080 1399 3147 1464 ni
3180 1397 3307 1464 nisi
3350 1398 3535 1464 nisisi
3578 1397 3743 1464 enim
3792 1397 4026 1464 etenim
4073 1396 4191 1462 sed

605 1528 946 1606 praeterea
998 1520 1407 1604 quamobrem
1459 1519 1840 1602 praesertim
1885 1537 2075 1602 quam
2120 1519 2412 1602 quamvis
2456 1518 2727 1601 proinde
2772 1517 2985 1584 saltim
3031 1516 3331 1584 videlicet
3385 1518 3539 1584 item
3581 1517 3863 1598 itemque
3906 1522 4188 1581 ceterum

607 1640 887 1722 alioquin
916 1645 1262 1722 propterea
1289 1656 1466 1704 sane.
1555 1639 1888 1705 Scaurus
1922 1639 2275 1705 rationales
2309 1640 2403 1706 sic
2434 1637 2681 1720 posuit:
2726 1655 2880 1719 ergo
2922 1636 3123 1718 igitur
3151 1637 3248 1702 ita
3276 1636 3496 1720 itaque
3528 1637 3851 1703 enimvero
3883 1635 4034 1716 quia
4062 1653 4191 1716 qua

608 1764 998 1842 quapropter
1051 1758 1290 1841 quippe
1346 1759 1644 1841 quoniam
1704 1758 2261 1841 quoniamquidem
2321 1759 2471 1823 ideo
2530 1756 2767 1822 idcirco
2828 1755 3072 1822 scilicet
3114 1760 3452 1837 quatenus.
3535 1755 3746 1838 figura
3790 1760 3891 1821 est
3931 1753 3996 1818 in
4042 1772 4189 1818 con-

606 1877 1054 1958 iunctionibuS,
1099 1897 1228 1962 qua
1270 1884 1560 1960 apparet,
1603 1883 1816 1942 utrum
1859 1877 2182 1959 simplices
2229 1877 2360 1943 sint
2401 1875 2877 1942 coniunctiones
2922 1893 3006 1940 an
3051 1875 3475 1956 compositae:
3520 1874 3840 1958 simplices
3860 1925 3875 1954 ,
3918 1879 3993 1938 ut
4036 1892 4189 1955 quo-

606 1996 808 2075 niam;
851 1996 1260 2078 compositae,
1302 1996 1858 2079 quoniamquidem
1903 1996 2435 2079 quandoquidem.
2494 1995 2652 2061 ordo
2686 2001 2789 2062 est
2820 1994 2887 2059 in
2919 1994 3491 2075 coniunctionibus,
3534 2012 3661 2076 quo
3706 1998 3981 2075 apparet
4021 2011 4187 2074 quae

605 2115 918 2198 praeponi
949 2121 1198 2182 tantum
1226 2117 1456 2197 possit,
1499 2120 1573 2180 ut
1604 2133 1751 2180 nam
1797 2115 2091 2197 equidem
2135 2116 2356 2199 igitur;
2403 2133 2571 2196 quae
2614 2113 2917 2196 subiungi
2957 2118 3228 2195 tantum,
3272 2119 3345 2178 ut
3376 2113 3543 2178 enim
3575 2132 3699 2196 que
3728 2117 3977 2192 autem;
4024 2130 4189 2195 quae

603 2235 914 2316 praeponi
951 2241 1020 2301 et
1049 2234 1368 2317 subiungi,
1413 2241 1484 2300 ut
1525 2241 1607 2299 et.
1693 2236 2008 2316 quaedam
2053 2240 2268 2302 autem
2312 2233 2812 2314 coniunctiones,
2854 2232 2949 2298 ita
2992 2240 3065 2298 ut
3103 2233 3637 2316 praepositiones,
3681 2250 3823 2298 cum
3868 2230 4188 2297 adverbiis

605 2353 1100 2433 confunduntur,
1146 2355 1402 2436 quando
1450 2353 1618 2420 enim
1661 2361 1812 2420 ante
1853 2359 2022 2436 post.

861 2473 964 2538 23.
1029 2472 1206 2555 Serg.
1240 2472 1403 2555 expl.
1433 2473 1578 2553 562,
1613 2476 1682 2539 1:
1729 2473 2056 2539 Scaurus
2101 2472 2762 2554 praepositiones
2808 2471 3154 2538 accusativi
3198 2487 3387 2536 casus
3434 2470 3529 2535 sic
3572 2469 3817 2552 posuit:
3863 2489 3981 2552 per
4012 2471 4183 2552 apud
4368 2478 4443 2525 D·

606 2592 919 2656 adversus
963 2592 1064 2657 uls
1108 2592 1193 2657 ad
1237 2609 1441 2674 usque
1485 2609 1652 2674 pone
1699 2609 1898 2675 supra
1952 2598 2176 2658 contra
2231 2591 2323 2656 cis
2381 2591 2543 2656 citra
2596 2591 2770 2657 ultra
2828 2591 3059 2657 subtus
3110 2609 3312 2673 prope
3367 2591 3545 2656 iuxta
3601 2590 3837 2655 circum
3896 2589 3979 2654 ob
4036 2594 4186 2655 ante
4200 2562 4601 2624 ⁹²⁸⁶⁹⁰'i¹³⁵⁰¹²⁰·

608 2710 960 2776 secundum
1005 2717 1264 2792 praeter
1307 2717 1572 2793 propter
1613 2711 1784 2777 intra
1828 2711 1997 2776 circa
2039 2716 2222 2776 extra
2261 2715 2415 2793 post
2456 2709 2625 2777 inter
2668 2729 2825 2792 erga
2867 2711 3031 2776 clam
3074 2715 3254 2774 trans
3298 2727 3530 2792 peneS,
3574 2715 3647 2774 ut
3690 2727 3805 2790 per
3849 2710 4187 2788 hominem,

609 2828 784 2907 apud
827 2830 1327 2911 grammaticum,
1372 2831 1684 2897 adversus
1714 2831 1910 2912 leges,
1957 2829 2058 2896 uls
2089 2829 2503 2912 provinciam,
2546 2830 2630 2896 ad
2662 2829 2952 2911 amicum,
2995 2848 3198 2912 usque
3226 2831 3513 2908 Romam,
3555 2847 3723 2910 pone
3750 2828 3943 2910 fores,
3987 2847 4189 2910 supra

608 2963 855 3028 regem,
899 2953 1122 3013 contra
1163 2948 1296 3028 ius,
1343 2949 1434 3014 cis
1480 2949 1787 3030 Galliam,
1831 2951 1996 3016 citra
2039 2949 2292 3029 sedem,
2332 2949 2509 3015 ultra
2548 2947 2883 3028 familiam,
2929 2948 3157 3016 subtus
3200 2948 3449 3030 iugum,
3493 2964 3695 3030 prope
3740 2947 3964 3027 finem,
4008 2948 4189 3012 iuxta

607 3069 906 3146 montem,
952 3066 1186 3131 circum
1230 3071 1504 3148 portum,
1549 3068 1630 3132 ob
1660 3067 1974 3148 iniuriam,
2019 3074 2170 3134 ante
2201 3067 2445 3149 aedem,
2490 3068 2839 3133 secundum
2868 3086 3065 3152 mare,
3107 3073 3367 3150 praeter
3398 3085 3596 3148 spem,
3640 3074 3903 3150 propter
3936 3083 4199 3160 aquam,-

608 3183 1080 3264 intra2annum‚
1125 3185 1292 3251 circa
1335 3185 1667 3266 rationem,
1709 3193 1890 3252 extra
1932 3187 2207 3262 hortum,
2248 3191 2401 3266 post
2444 3204 2698 3267 annum,
2740 3187 2909 3253 inter
2954 3188 3200 3267 domoS,
3244 3205 3402 3268 erga
3442 3204 3577 3252 rem
3620 3184 3961 3268 publicam,
4000 3191 4187 3252 trans

607 3302 903 3384 fiuvium,
964 3321 1152 3370 secus
1209 3310 1492 3388 portum,
1557 3305 1722 3370 clam
1781 3323 2058 3370 uxorem.
2145 3302 2411 3369 ablativi
2466 3321 2657 3370 casus
2710 3310 2865 3370 sunt
2907 3306 3063 3372 hae:
3127 3324 3168 3372 a
3212 3305 3294 3371 ab
3340 3305 3457 3371 abs
3512 3305 3595 3370 de
3654 3323 3692 3370 e
3738 3323 3815 3370 ex
3858 3323 3974 3387 pro
4029 3323 4187 3386 prae

608 3441 751 3489 cum
795 3423 936 3490 sine
977 3430 1168 3490 tenus
1212 3441 1425 3491 coram
1471 3423 1714 3507 palam,
1770 3429 1844 3490 ut
1886 3443 1928 3489 a
1971 3422 2143 3504 solo,
2187 3423 2269 3488 ab
2313 3423 2499 3504 urbe,
2541 3424 2627 3489 de
2660 3425 2893 3505 domo,
2938 3442 2975 3490 e
3018 3425 3202 3505 villa,
3246 3443 3327 3491 ex
3367 3425 3617 3506 ordine,
3662 3442 3779 3507 pro
3822 3425 3988 3505 iure,
4030 3443 4187 3506 prae

607 3543 862 3625 virtute,
906 3560 1048 3608 cum
1093 3543 1286 3624 socio,
1329 3546 1468 3610 sine
1509 3542 1652 3624 fine,
1695 3547 1883 3610 tenus
1928 3561 2145 3623 crure,
2193 3560 2407 3608 coram
2453 3550 2672 3625 patre,
2717 3543 2931 3625 palam
2973 3543 3125 3610 filio.
3210 3544 3275 3608 in
3320 3550 3536 3610 autem
3581 3549 3647 3610 et
3692 3543 3811 3610 sub
3857 3550 3925 3609 et
3968 3543 4187 3609 subter

609 3659 862 3742 utrique
905 3663 1147 3742 pariter
1189 3663 1368 3728 casui
1414 3663 1718 3744 serviunt,
1762 3680 1904 3728 cum
1948 3662 2014 3728 in
2057 3662 2198 3727 loco
2244 3659 2605 3743 significare
2647 3662 2935 3743 velimus,
2979 3661 3297 3743 ablativo;
3343 3681 3485 3730 cum
3530 3663 3595 3730 in
3640 3664 3881 3745 locum,
3926 3680 4187 3729 accusa-

607 3779 759 3858 tivo,
803 3783 876 3844 ut
913 3773 997 3843 ‘in
1042 3779 1180 3845 foro
1225 3776 1384 3846 sum’
1427 3785 1494 3846 et
1531 3775 1616 3846 ‘iu
1659 3781 1866 3846 forum
1913 3777 2024 3861 eo’,
2065 3775 2201 3847 ‘sub
2244 3786 2417 3847 tecto
2462 3776 2619 3846 sum’
2666 3788 2733 3846 et
2771 3775 2913 3848 ‘sub
2960 3786 3194 3848 tectum
3237 3777 3446 3865 fugio’.

863 3897 965 3964 24.
1029 3897 1526 3982 Hypozeuxis
1572 3905 1674 3965 est
1715 3898 1924 3982 figura
1966 3899 2281 3982 superiori
2327 3899 2397 3985 (i.
2428 3918 2481 3965 e.
2526 3899 2876 3986 zeugmati)
2922 3901 3273 3983 contraria,
3336 3902 3443 3967 ubi
3504 3901 3760 3968 diversa
3802 3902 3997 3968 verba
4053 3902 4184 3968 sin·
4367 3912 4442 3960 no

604 4018 772 4101 gulis
816 4017 1186 4099 iunguntur.
4218 3996 4590 4048 'mmmm‘

860 4137 961 4204 25.
1028 4138 1318 4203 Diomed.
1361 4137 1520 4217 449,
1563 4137 1681 4204 26:
1744 4136 2237 4221 Macrologia
2279 4143 2385 4204 est
2420 4139 2633 4204 oratio
2676 4137 2817 4204 sine
2860 4138 3037 4204 cultu
3080 4139 3341 4206 nimium
3385 4141 3595 4222 longa.
3683 4140 4047 4206 Scaurus
4092 4139 4184 4205 ita
4267 4151 4343 4199 no
4375 4151 4530 4200 vitii·

609 4255 859 4322 definit:
901 4251 1116 4340 ‘longa
1158 4256 1588 4339 descriptione
1630 4257 1945 4340 producta
1987 4252 2342 4338 sententia',
2387 4263 2462 4323 ut
2503 4262 2606 4324 est
2648 4258 2871 4343 (Verg.
2902 4264 2976 4324 A.
3010 4260 3109 4340 12,
3142 4259 3295 4344 113)
3342 4279 3393 4325 e.
3423 4278 3483 4342 q.
3514 4277 3567 4326 s.
4268 4236 4541 4287 munau.

863 4377 965 4443 26.
1032 4376 1237 4459 Trop
1253 4395 1342 4442 us
1399 4383 1506 4442 est
1547 4377 1778 4442 modus
1823 4382 2092 4442 ornatae
2136 4376 2447 4443 orationis
2490 4383 2560 4442 et
2601 4376 2795 4443 dictio
2842 4377 3163 4444 translata
3204 4395 3245 4444 a
3287 4379 3551 4461 propria
3594 4377 4055 4462 significatione
4098 4381 4181 4445 ad
4254 4390 4329 4439 ne
4361 4391 4544 4452 tropi..

607 4510 736 4558 non
779 4495 1099 4576 propriam
1146 4494 1396 4563 decoris
1441 4500 1555 4562 aut
1591 4494 2001 4562 necessitatis
2047 4501 2163 4561 aut
2205 4497 2417 4562 cultus
2460 4501 2576 4562 aut
2616 4496 3001 4579 emphaseos
3048 4496 3275 4580 gratia.

863 4790 961 4845 24.
1026 4787 1294 4848 Diomed.
1334 4794 1476 4862 444,
1512 4793 1626 4850 29:
1667 4789 2042 4868 hypozeuxis
2086 4795 2194 4862 est,
2239 4796 2308 4850 ut
2349 4787 2603 4849 Scaurus
2646 4789 2747 4862 ait,
2793 4787 2984 4864 figura
3026 4833 3043 4849 .
3072 4832 3088 4848 .
3122 4833 3135 4846 .
3170 4833 3185 4848 .
3227 4789 3575 4865 iunguntur.
3644 4792 3718 4852 of.
3754 4792 3913 4851 infra
3954 4811 4079 4870 cap.
4106 4793 4177 4852 V.

863 4891 961 4949 26.
1028 4887 1297 4950 Diomed.
1335 4894 1478 4964 456,
1513 4894 1591 4951 27
1603 4914 1620 4952 =
1670 4891 1898 4969 Tropus
1945 4897 2052 4966 est,
2095 4897 2168 4952 nt
2207 4891 2294 4952 ait
2334 4891 2605 4965 Scaurus,
2650 4891 2857 4950 modus
2902 4936 2917 4952 .
2949 4936 2965 4952 .
2996 4937 3013 4952 .
3057 4891 3264 4968 gratia.
3324 4893 3397 4952 cf.
3443 4892 3659 4954 Donat.
3700 4899 3843 4968 399,
3881 4900 3956 4953 13
3984 4915 4071 4975 sq.
4120 4900 4181 4955 et

601 4990 827 5052 Charis.
860 4991 1001 5066 272,
1038 4996 1078 5051 2
1109 5009 1200 5069 sq.
1413 5009 1422 5018 ·
