4817 5934
2095 619 2609 692 ...31....

563 816 739 898 apud
772 815 1096 881 Donatum
1131 805 1366 896 partini
1399 816 1570 896 apud
1610 813 1966 880 charisium
1991 815 2531 898 sacerdotemque
2562 815 2836 881 redeant
2860 815 2986 897 ⁵²),
3030 813 3401 880 Diomedem
3433 813 3789 896 colligimus
3819 814 4140 890 interdum

566 955 643 1002 ex
687 933 959 1000 diversis
1005 937 1334 999 auctorum
1380 950 1641 999 suorum
1687 931 2162 1000 definitionibus
2208 935 2459 1000 duabus
2491 933 2807 1000 conflasse
2840 952 3047 1000 unam.
3138 933 3309 1015 quod
3354 933 3522 1000 enim
3567 934 3801 1016 aliquis
3846 936 4139 1002 conicere

563 1058 781 1136 potest
825 1071 1046 1118 omnes
1088 1052 1210 1118 hos
1254 1051 1706 1136 grammaticos
1748 1071 1943 1117 unum
1989 1057 2247 1119 secutos
2291 1072 2437 1119 esse
2481 1059 2805 1120 auctorem
2824 1105 2841 1134 ,
2903 1053 3081 1118 cuius
3124 1051 3321 1118 verba
3364 1052 3539 1134 apud
3582 1053 3953 1120 Diomedem
4010 1073 4145 1120 ser-

565 1177 714 1239 vata
758 1171 892 1238 sint
933 1172 1221 1253 integra,
1277 1175 1527 1237 mutata
1572 1171 1744 1253 apud
1789 1176 2038 1237 ceteros
2084 1178 2218 1237 tres
2237 1225 2254 1255 ,
2311 1172 2379 1237 id
2426 1171 2768 1252 refellitur,
2826 1172 2996 1255 quod
3060 1171 3218 1236 miro
3264 1171 3452 1237 modo
3512 1172 3780 1254 accidit,
3844 1177 3916 1238 ut
3967 1173 4141 1254 apud

561 1291 885 1358 Donatum
944 1290 1122 1356 nulla
1179 1289 1539 1356 inveniatur
1601 1288 1916 1371 definitio,
1979 1309 2144 1374 quae
2203 1292 2426 1358 itidem
2488 1293 2660 1374 apud
2722 1289 3079 1356 charisium
3126 1291 3663 1373 Sacerdotemque
3718 1292 3978 1373 prolata
4036 1293 4139 1357 sit.

559 1428 944 1492 quamquam
988 1409 1156 1475 enim
1199 1409 1588 1490 generaliter
1629 1409 1948 1476 interdum
1995 1410 2396 1493 conspirant,
2461 1411 2545 1476 ad
2591 1428 2983 1476 communem
3028 1415 3242 1476 tamen
3286 1409 3529 1476 fontem
3574 1411 4142 1476 demonstrandum

562 1527 882 1611 generalis
923 1546 1278 1594 consensus
1322 1547 1448 1595 non
1493 1527 1728 1594 sufficit
1773 1530 1946 1612 apud
1989 1529 2439 1612 grammaticos
2458 1581 2474 1610 ,
2516 1547 2677 1612 quos
2714 1547 2843 1594 non
2877 1530 3084 1594 solum
3115 1529 3474 1595 doctrinam
3513 1535 3840 1596 auctorum
3880 1548 4141 1594 suorum

563 1648 686 1713 sed
730 1647 924 1713 etiam
965 1646 1162 1713 verba
1191 1648 1336 1728 ipsa
1371 1649 1435 1712 in
1472 1647 1670 1714 libros
1705 1665 1858 1713 suos
1889 1648 2302 1714 transtulisse
2338 1648 2558 1714 multis
2594 1649 3069 1715 demonstratur
3101 1646 3259 1714 locis
3279 1648 3402 1730 ⁶⁸).
3491 1656 3687 1732 atque
3720 1667 3803 1714 ne
3836 1649 4141 1731 exemplis

568 1765 842 1848 quidem,
899 1785 1061 1848 quae
1118 1765 1406 1832 omnibus
1465 1766 1852 1849 artigraphis
1915 1773 2191 1848 quatuor
2251 1771 2404 1836 sunt
2466 1767 2825 1834 communia
2847 1770 2983 1850 ⁶⁴),
3050 1767 3373 1833 sententia
3430 1773 3653 1832 nostra
3715 1767 4142 1849 redarguitur.

572 1884 722 1951 talis
765 1885 926 1952 enim
968 1903 1319 1952 consensus
1365 1886 1519 1952 nihil
1566 1885 1738 1952 aliud
1781 1886 2025 1952 indicat
2076 1886 2203 1952 nisi
2246 1891 2449 1952 totam
2498 1887 2662 1953 hanc
2707 1886 3058 1958 doctrinam
3118 1886 3430 1969 principio
3477 1885 3559 1952 ab
3604 1905 3731 1952 uno
3789 1885 4140 1968 profectam

571 2022 710 2070 esse
752 2011 1031 2071 auctore.

815 2124 962 2190 Duo
1005 2124 1203 2206 igitur
1245 2124 1650 2190 discernendi
1710 2129 1861 2190 sunt
1902 2123 2232 2190 Diomedis
2278 2130 2603 2205 auctores„
2663 2143 2930 2208 quorum
2992 2125 3157 2190 alter
3216 2123 3338 2189 fuit
3381 2129 3604 2190 auctor
3647 2123 3919 2205 Donati,
3980 2123 4143 2190 alter

563 2241 834 2310 Charisii
882 2243 1392 2326 Sacerdotisque.
1479 2244 1606 2309 iam
1651 2242 1874 2326 quaeri
1934 2248 2187 2325 potest,
2244 2247 2457 2308 utrum
2502 2261 2613 2324 ea,
2670 2263 2835 2327 quae
2881 2243 3172 2310 Diomedi
3218 2261 3359 2310 cum
3414 2242 3513 2308 his
3559 2242 3950 2325 artigraphis
4012 2261 4139 2308 non

562 2369 714 2428 sunt
757 2364 1132 2444 communia,
1175 2363 1365 2428 tertio
1409 2363 1660 2428 cuidam
1705 2363 1950 2428 auctori
1995 2361 2366 2428 debeantur.
2454 2362 2521 2428 id
2565 2365 2734 2445 quod
2778 2363 3089 2446 imprimis
3136 2363 3308 2428 cadit
3349 2363 3415 2427 in
3460 2381 3555 2443 ea,
3600 2379 3765 2444 quae
3803 2363 4133 2430 Diomedis

558 2483 822 2565 propria
866 2486 1018 2548 sunt
1057 2482 1123 2547 in
1166 2481 1347 2548 initio
1392 2481 1622 2564 capitis
1667 2483 1758 2564 (p.
1789 2482 1936 2562 443,
1975 2480 2216 2566 6—12)
2277 2486 2344 2546 et
2384 2481 2453 2546 in
2494 2481 2653 2563 fine,
2714 2483 2796 2548 de
2840 2482 3216 2566 gradatione
3262 2483 3351 2566 (p.
3382 2483 3529 2564 448,
3577 2484 3658 2548 12
3696 2483 3881 2565 sqq.).
3980 2481 4140 2548 haec

560 2603 1028 2685 quadamtenus
1086 2601 1296 2666 redire
1353 2601 1437 2667 ad
1481 2600 1940 2680 Quintilianum
2004 2600 2192 2665 docet
2237 2606 2301 2666 et
2360 2600 2568 2684 ipsius
2614 2600 2991 2680 Quintiliani
3052 2601 3401 2667 auctoritas
3445 2620 3506 2681 p.
3540 2601 3689 2682 443,
3736 2603 3773 2667 7
3822 2601 4140 2666 arcessita

561 2727 627 2786 et
671 2739 920 2787 summa
963 2739 1104 2786 cum
1149 2720 1270 2785 hoc
1313 2718 1649 2786 consensio
1693 2719 1759 2784 in
1803 2720 2144 2786 tractanda
2187 2720 2581 2800 gradatione.

818 2839 947 2906 Sed
983 2840 1329 2906 Diomedes
1362 2838 1587 2922 ipsene
1615 2838 1788 2904 illius
1832 2838 2012 2904 libris
2057 2857 2213 2905 usus
2247 2843 2347 2904 est
2377 2858 2458 2906 an
2487 2860 2602 2922 per
2644 2839 2840 2906 alium
2885 2839 3203 2923 quendam
3247 2838 3729 2922 grammaticum
3777 2838 4134 2906 doctrinam

558 2959 944 3038 Quintiliani
986 2959 1281 3042 accepit?
1367 2967 1562 3040 atque
1621 2976 1762 3024 cum
1818 2957 2020 3022 multa
2064 2957 2497 3036 Quintiliauea
2551 2959 2724 3042 apud
2767 2959 3143 3025 Diomedem
3200 2959 3607 3026 inveniantur
3658 2959 3725 3024 in
3770 2978 3847 3024 eo
3909 2959 4137 3039 capite,

562 3098 688 3162 quo
729 3073 852 3145 ‘de
898 3075 1515 3162 compositione’
1569 3077 1907 3143 disseritur
1945 3075 2034 3160 (p.
2057 3077 2206 3158 464,
2243 3077 2326 3142 25
2352 3081 2557 3160 sqq.),
2602 3079 2749 3145 hinc
2796 3078 3219 3144 exordiamur.
3308 3078 3599 3146 conferas
3648 3078 3831 3159 enim,
3876 3093 4137 3160 quaeso,

559 3197 752 3266 haec:

814 3560 920 3637 52)
965 3561 1038 3619 ef.
1083 3559 1242 3619 infra
1283 3559 1348 3618 in
1393 3561 1514 3619 tab.
1559 3556 1938 3618 definitiones
1981 3556 2340 3634 prolepseos,
2387 3555 2776 3634 epizeuxeos,
2819 3557 3147 3634 polyptoti,
3192 3556 3395 3629 hirmi,
3440 3556 3654 3633 dialyti
3697 3557 3796 3616 vel
3839 3557 4131 3634 asyndeti.

817 3663 921 3740 53)
965 3681 1159 3741 neque
1202 3661 1402 3720 Keilio
1446 3659 1574 3738 (Gr.
1620 3661 1719 3720 lat.
1758 3659 1864 3733 IV,
1906 3658 2080 3736 XLI)
2138 3659 2576 3719 concedendum
2629 3663 2721 3720 est
2771 3659 2950 3719 etiam
2994 3658 3324 3718 charisium
3342 3705 3357 3733 ,
3416 3658 3571 3719 sicut
3611 3658 3959 3718 Diomedem
3977 3705 3994 3732 ,
4050 3659 4137 3719 ita

563 3783 692 3824 cum
736 3763 970 3825 Donato
1015 3762 1379 3838 consentire,
1423 3768 1490 3824 ut
1533 3782 1667 3823 eum
1712 3781 1788 3822 ex
1833 3763 2037 3821 eodem
2082 3763 2248 3821 fonte
2291 3761 2559 3822 hausisse
2601 3761 2781 3840 plane
2825 3766 3123 3840 appareat.

821 3865 927 3944 54)
969 3871 1039 3926 ut
1082 3866 1261 3941 Verg.
1303 3869 1376 3926 A.
1429 3870 1524 3938 12,
1577 3869 1687 3923 161
1737 3882 1786 3924 s.
1829 3871 1872 3923 t.
1918 3865 1991 3923 de
2033 3863 2314 3941 prolepsi.

1325 4011 1360 4039 „
1465 3972 1522 4038 3,
1567 3970 1689 4025 359
1777 4010 1811 4038 ,,
1940 4011 1975 4038 ,,
2039 3969 2367 4042 zeugmate.

1321 4113 1357 4141 n
1421 4074 1517 4142 10,
1568 4073 1686 4129 149
1775 4113 1811 4140 „
1937 4111 1973 4142 ,‚
2036 4067 2396 4146 hypozeuxi.

1178 4216 1195 4246 ο
1323 4217 1358 4245 n
1468 4175 1520 4245 1,
1575 4176 1645 4230 16
1775 4215 1811 4243 n
1940 4215 1975 4243 η
2043 4170 2306 4248 ΒΪῙῙΘΡΒῘ.

1179 4319 1198 4348 ‚
1327 4318 1361 4347 n
1431 4277 1525 4345 10,
1577 4277 1694 4333 180
1781 4317 1818 4346 ,,
1947 4317 1986 4348 ,,
2048 4271 2397 4350 anadiploai.

1328 4419 1362 4449 2,
1471 4381 1523 4449 l,
1569 4380 1692 4434 664
1778 4419 1812 4448 ,‚
1940 4419 1976 4448 „
2039 4374 2356 4452 anaphora.

1325 4521 1360 4551 „
1463 4483 1521 4551 9,
1565 4477 1686 4536 427
1777 4521 1813 4550 „
1944 4521 1982 4550 ‚,
2046 4476 2340 4554 epizeuxi.

1323 4625 1358 4654 n
1464 4585 1520 4653 4,
1566 4583 1688 4639 628
1775 4623 1812 4652 n
1938 4623 1976 4653 η
2040 4579 2369 4656 POIYPtoto·

1328 4727 1362 4756 „
1469 4685 1527 4755 6,
1573 4683 1695 4742 724
1785 4727 1821 4755 „
1949 4715 1986 4754 -„
2053 4681 2262 4741 hinne.

1183 4829 1200 4857 o
1325 4829 1362 4858 n
1466 4789 1524 4858 4,
1571 4788 1691 4844 593
1781 4827 1818 4858 n
1945 4827 1981 4858 n
2045 4782 2288 4862 dialyto-
