4817 5934
2105 663 2207 673 -.
2313 629 2408 701 33
2515 663 2611 672 ...-

2141 825 2564 889 Quintilianus.

565 1037 684 1098 secl
740 1037 882 1116 quia
941 1053 1172 1096 omnem
1231 1032 1719 1111 compositionem
1779 1031 2094 1093 oratoriam
2161 1037 2431 1090 constare
2496 1029 2750 1108 pedibus
2810 1027 2970 1102 dixi,
3038 1027 3239 1107 aliqua
3288 1028 3363 1086 de
3413 1027 3509 1087 his
3561 1048 3834 1109 quoque,
3900 1050 4151 1110 quorum

569 1138 812 1200 nomina
861 1135 1004 1218 quia
1045 1134 1213 1194 varia
1239 1136 1586 1208 traduntur,
1630 1135 2110 1193 constituendum
2155 1141 2248 1192 est
2291 1151 2408 1211 quo
2442 1150 2736 1210 quemque
2766 1130 3151 1207 appellemus.
3242 1130 3518 1209 equidem
3549 1129 3891 1190 Ciceronem
3937 1153 4155 1214 sequar

693 1289 708 1303 .
756 1285 769 1300 .
815 1259 954 1315 ergo
1000 1257 1132 1297 cum
1177 1241 1452 1314 constent
1480 1241 1758 1316 quattuor
1801 1237 1982 1313 pedes
2025 1234 2212 1304 binis,
2258 1241 2388 1293 octo
2433 1231 2638 1307 ternis,
2684 1233 2975 1309 spondion
3020 1232 3213 1306 longis
3259 1233 3502 1304 duabus,
3546 1232 3933 1310 pyrrichium,
3978 1255 4157 1315 quem

569 1343 673 1403 alii
717 1341 1088 1420 pariambum
1131 1343 1378 1412 vocant,
1420 1339 1730 1409 brevibus,
1773 1336 2034 1396 iambum
2076 1335 2246 1396 brevi
2287 1336 2583 1415 longaque
2593 1380 2609 1408 ,
2654 1335 2795 1394 huic
2837 1333 3195 1404 contrarium
3241 1351 3274 1392 e
3317 1334 3493 1408 longa
3538 1341 3599 1394 et
3641 1335 3811 1394 brevi
3856 1336 4143 1407 choreum,

571 1465 684 1504 non
732 1453 794 1501 ut
838 1444 966 1512 alii,
1020 1441 1346 1498 trochaeum
1390 1443 1758 1498 nominemus.
1856 1458 1932 1497 ex
1974 1437 2051 1498 iis
2094 1457 2256 1512 vero,
2299 1439 2402 1517 qui
2447 1444 2646 1496 ternas
2690 1436 2945 1513 syllabas
2984 1436 3226 1507 habent,
3268 1435 3567 1513 dactylum
3598 1436 3776 1512 longa
3805 1437 4153 1518 duabusque

573 1545 896 1615 brevibus,
935 1542 1075 1602 huic
1119 1541 1484 1619 temporibus
1527 1561 1756 1619 parem,
1813 1542 1918 1600 sed
1961 1545 2122 1600 retro
2165 1546 2359 1604 actum
2403 1537 2693 1617 appellari
2738 1543 2971 1597 constat
3026 1543 3403 1613 anapaeston.
3491 1537 3687 1596 media
3740 1539 3899 1598 inter
3950 1541 4156 1618 longas

578 1646 783 1705 brevis
826 1644 1004 1702 faciet
1045 1643 1480 1718 amphimacron
1500 1687 1516 1716 ,
1560 1644 1666 1702 sed
1707 1643 2081 1722 frequentius
2123 1642 2252 1701 eius
2297 1661 2513 1701 nomen
2553 1648 2643 1700 est
2687 1639 2957 1711 cretione,
2998 1639 3175 1714 longa
3216 1639 3377 1699 inter
3422 1640 3634 1698 breves
3684 1642 4156 1721 amphibrachyn

581 1747 725 1806 huic
769 1745 1136 1805 contrarium.
1225 1747 1452 1804 duabus
1495 1745 1690 1821 longis
1746 1747 1987 1804 brevem
2041 1744 2428 1822 sequentibus
2486 1743 2795 1814 bacchius,
2856 1741 3103 1801 totidem
3149 1741 3341 1816 longis
3384 1743 3625 1800 brevem
3668 1745 4159 1819 praecedentibus

587 1848 1042 1926 palimbacchius
1085 1847 1216 1906 erit.
1305 1850 1426 1906 tres
1470 1848 1681 1906 breves
1723 1847 2096 1918 trochaeum,
2141 1865 2317 1925 quem
2360 1845 2709 1921 tribrachyn
2754 1843 2872 1903 dici
2916 1845 3155 1916 volunt,
3218 1843 3320 1922 qui
3364 1844 3577 1903 choreo
3621 1845 3882 1906 trachaei
3940 1866 4160 1907 nomen

588 1952 910 2026 inponunt,
953 1948 1200 2009 totidem
1245 1949 1457 2023 longae
1501 1948 1797 2007 molosson
1840 1947 2120 2007 efficient.
2209 1947 2338 2024 (lib.
2379 1947 2488 2021 IX,
2534 1952 2591 2020 4,
2641 1948 2749 2021 79,
2800 1945 3093 2022 80-82.)

589 2051 752 2132 (Isid.
813 2050 913 2110 Or.
947 2053 1044 2124 ΙΙ,
1107 2056 1214 2110 18:
1284 2051 1653 2127 Compom‘tur
1711 2058 1896 2108 autem
1952 2052 2370 2127 instruiturque
2421 2051 2603 2108 omnis
2656 2051 2844 2108 oratio
2906 2057 3210 2118 commate,
3283 2049 3409 2105 eolo
3461 2057 3518 2104 et
3564 2050 3828 2124 periodo.
3942 2071 4159 2110 comma

579 2154 872 2231 parm-ula
926 2161 1014 2210 est
1069 2155 1404 2211 sententiae.
1495 2153 1659 2210 colon
1705 2151 2029 2209 membrum.
2113 2151 2388 2227 periodus
2440 2150 2686 2209 ambitus
2744 2152 2834 2208 vel
2888 2151 3214 2225 circuitum)
3314 2149 3557 2226 periodo
3612 2150 3868 2226 plurima
3922 2155 4162 2213 nomina

585 2258 686 2316 dat
728 2256 960 2328 Cicero,
1021 2254 1334 2325 ambitum,
1377 2252 1714 2326 circuitum,
1761 2253 2249 2336 conprensionem
2267 2300 2283 2326 ,
2326 2253 2861 2336 continuationem,
2906 2251 3527 2328 circumscriptionem.
3616 2271 3831 2328 genera
3875 2255 4002 2313 eius
4046 2256 4161 2316 duo

585 2364 724 2417 sunt
768 2377 816 2416 e.
865 2377 922 2436 q.
967 2377 1012 2416 s.
1061 2355 1200 2432 (IX,
1247 2362 1303 2425 4,
1353 2357 1516 2431 124).
1561 2388 1647 2398 -
1705 2355 1960 2432 primum
2020 2353 2206 2428 igitur
2263 2356 2338 2414 de
2381 2355 2607 2414 ordine.
2712 2355 2839 2414 eius
2901 2354 3236 2414 observatio
3298 2355 3364 2411 in
3425 2353 3629 2413 verbis
3674 2361 3766 2414 est
3807 2356 4059 2432 singulis
4104 2369 4165 2418 et

583 2458 897 2519 contextis.
985 2458 1217 2532 singula
1258 2463 1412 2527 sunt,
1460 2476 1609 2536 quae
1653 2449 1943 2517 ἀσύνδετα
1988 2457 2264 2516 diximus.
2351 2456 2416 2514 in
2460 2457 2555 2515 his
2587 2459 2933 2528 cavendum,
2977 2475 3053 2515 ne
3096 2458 3397 2516 decrescat
3438 2457 3625 2515 oratio
3669 2463 3731 2516 et
3764 2459 3994 2519 fortiori
4027 2464 4165 2521 sub-

583 2561 869 2637 iungatur
913 2559 1141 2639 aliquid
1182 2559 1505 2632 infirmius,
1549 2565 1618 2618 ut
1659 2559 1941 2635 sacrilego
1983 2559 2082 2617 fur
2125 2565 2228 2618 aut
2269 2559 2489 2619 latroni
2530 2558 2837 2635 petulans:
2881 2559 3086 2632 augeri
3130 2557 3287 2616 enim
3332 2559 3552 2617 debent
3595 2560 3927 2620 sententiae
3970 2569 4031 2622 et
4072 2563 4166 2622 in-

587 2681 856 2738 surgere,
902 2666 969 2721 ut
1010 2661 1232 2738 optime
1275 2660 1479 2720 Cicero
1525 2681 1573 2720 e.
1622 2681 1680 2740 q.
1725 2681 1769 2720 s.
1857 2659 1920 2738 (l.
1971 2659 2009 2719 l.
2057 2659 2089 2738 5
2131 2660 2256 2738 23.)

3309 2863 3632 2925 videndum
3675 2865 3885 2941 etiam,
3929 2888 4005 2929 ne
4048 2873 4170 2948 syl-

592 2970 762 3029 labae
805 2966 976 3028 verbi
1019 2966 1236 3044 prioris
1277 2965 1521 3025 ultimae
1566 2973 1628 3026 et
1667 2965 1894 3042 primae
1938 2965 2244 3044 sequentis
2287 2964 2411 3025 sint
2453 2967 2725 3025 eaedem:
2770 2968 2929 3046 quod
2972 2985 3047 3026 ne
3091 2965 3227 3046 quis
3268 2967 3535 3044 praecipi
3577 2966 3855 3042 miretur,
3900 2969 4171 3033 Ciceroni

593 3073 661 3130 in
707 3070 976 3150 epistulis
1035 3069 1286 3128 excidit:
1343 3058 1456 3129 ‘res
1517 3067 1668 3126 mihi
1726 3067 1956 3127 invisae
2017 3067 2180 3126 visae
2237 3074 2407 3140 sunt,
2466 3063 2663 3128 Brute'
2685 3114 2700 3140 ,
2764 3075 2825 3128 et
2866 3069 2932 3127 in
2976 3068 3263 3129 carmine:
3321 3061 3375 3129 ‘o
3430 3071 3790 3130 fortunatam
3832 3077 4032 3132 natam
4076 3095 4171 3133 me

597 3175 839 3235 consule
883 3164 1162 3231 Romam'.
1251 3171 1317 3249 (1.
1362 3172 1399 3229 1.
1445 3170 1484 3248 ξ
1514 3171 1641 3247 41.)

2267 3269 2433 3349 (Isid.
2480 3270 2520 3329 l.
2566 3271 2639 3331 L:
2679 3271 2768 3348 fit
2808 3281 2991 3330 autem
3038 3292 3112 3331 ex
3155 3275 3550 3332 comum-tione
3592 3273 3888 3333 verborum
3932 3296 4167 3352 comma,

597 3397 674 3436 ex
719 3384 992 3435 commate
1032 3377 1195 3434 colon
1213 3419 1230 3445 ,
1289 3395 1364 3433 ex
1407 3375 1547 3432 colis
1585 3374 1911 3452 periodus.)
1995 3372 2248 3432 incisum
2266 3417 2282 3445 ,
2345 3378 2632 3451 quantum
2695 3392 2825 3433 mea
2866 3375 2985 3434 fert
3026 3373 3230 3451 opinio
3248 3419 3262 3446 ,
3326 3374 3442 3434 erit
3498 3393 3706 3436 sensus
3766 3396 3888 3436 non
3932 3379 4173 3456 expleto

603 3497 847 3538 numero
906 3477 1243 3550 conclusus,
1297 3476 1597 3554 plerisque
1653 3495 1790 3554 pars
1833 3476 2097 3535 membri.
2201 3475 2319 3534 tale
2361 3480 2453 3535 est
2494 3474 2683 3549 enim,
2745 3495 2862 3556 quo
2908 3475 3109 3535 Cicero
3167 3475 3358 3535 utitur
3400 3477 3527 3556 (Or.
3567 3477 3666 3551 67,
3713 3479 3892 3558 223):
3950 3471 4177 3544 ‘domus

603 3582 716 3641 tibi
761 3577 1000 3639 deerat?
1062 3584 1125 3638 at
1165 3579 1442 3639 habebas.
1548 3578 1802 3655 pecunia
1845 3575 2200 3654 superabat?
2259 3582 2320 3636 at
2361 3571 2613 3651 egebas’.
2718 3578 2872 3637 fiunt
2928 3582 3123 3638 autem
3168 3577 3347 3637 etiam
3390 3578 3641 3654 singulis
3702 3582 3902 3640 verbis
3956 3583 4178 3646 incisa:

599 3676 898 3752 ‘diximus‚
943 3686 1125 3741 testes
1168 3682 1308 3739 dare
1351 3672 1668 3740 volumus’:
1711 3679 1964 3740 incisum
2009 3684 2101 3739 est
2138 3670 2467 3739 ‘diximus'.
2554 3683 2881 3739 membrum
2926 3686 3120 3739 autem
3166 3685 3256 3739 est
3299 3699 3507 3740 sensus
3548 3683 3816 3742 numeris
3854 3686 4179 3760 conclusus,

605 3788 708 3845 sed
751 3803 785 3842 a
827 3789 953 3843 toto
999 3801 1243 3859 corpore
1286 3782 1574 3858 abruptus
1617 3787 1679 3841 et
1721 3801 1830 3860 per
1870 3801 1933 3841 se
1975 3781 2133 3841 nihil
2176 3781 2460 3841 efficiens.
2546 3772 2599 3842 ‘o
2630 3783 2873 3842 callidos
2916 3775 3197 3842 homines’
3246 3783 3576 3859 perfeetum
3604 3789 3711 3857 est,
3756 3787 3859 3844 sed
3888 3795 4178 3850 remotum

608 3910 644 3947 a
685 3885 897 3946 ceteris
942 3884 1064 3944 vim
1107 3903 1230 3943 non
1273 3884 1486 3956 habet,
1531 3891 1599 3943 ut
1640 3902 1749 3960 per
1790 3903 1855 3942 se
1896 3903 2105 3942 manus
2149 3889 2211 3943 et
2252 3903 2357 3960 pes
2400 3891 2464 3942 et
2504 3893 2710 3961 caput:
2749 3877 2804 3944 ‘o
2848 3903 2973 3945 rem
3018 3876 3442 3960 excogitatam'.
3532 3888 3767 3965 quando
3798 3907 3937 3964 ergo
3966 3890 4185 3968 incipit

609 4008 822 4066 corpus
867 3983 1027 4045 esse?
1113 4003 1244 4044 cum
1288 3985 1458 4046 venit
1499 3993 1766 4046 extrema
1808 3985 2137 4046 conclusio:
2176 3975 2374 4064 ‘quem
2419 4005 2637 4064 quaeso
2682 3991 2947 4047 nostrum
2990 3987 3238 4060 fefellit,
3297 3987 3362 4046 id
3404 4007 3511 4048 vos
3552 3987 3641 4048 ita
3683 4007 3813 4048 esse
3854 3992 4113 4054 facturos
4130 3987 4181 4052 ?’

610 4110 786 4172 quam
831 4089 1033 4150 Cicero
1076 4087 1486 4148 brevissimam
1539 4093 1727 4164 putat.
1815 4087 2016 4168 itaque
2060 4089 2184 4147 fere
2237 4086 2426 4148 incisa
2468 4095 2531 4149 et
2586 4090 2847 4149 membra
2903 4089 3105 4149 neutila
3166 4095 3305 4149 sunt
3361 4095 3423 4149 et
3477 4090 3916 4153 conclusionem
3974 4097 4183 4176 utique

613 4192 966 4253 desiderant.
1057 4189 1122 4268 (l.
1166 4190 1205 4250 l.
1253 4189 1286 4268 g
1331 4194 1448 4249 122
1488 4189 1605 4270 sq.)

618 4294 787 4375 (Isid.
823 4295 905 4368 11,
955 4297 1052 4365 18,
1097 4299 1170 4351 2:
1231 4311 1447 4350 comma
1491 4301 1579 4350 est
1619 4293 1922 4350 iuncturae
1946 4291 2152 4368 finitio
2169 4335 2187 4363 ,
2260 4302 2327 4351 ut
2371 4302 2521 4369 puta
2564 4283 2695 4349 ‘etsi
2752 4312 2982 4366 vereor,
3052 4284 3307 4364 iudices',
3373 4313 3505 4352 ecee
3564 4313 3735 4353 unum
3779 4315 3995 4355 comma
4013 4321 4033 4355 .-
4097 4321 4186 4358 se-

615 4401 810 4476 quitur·
867 4405 925 4455 et
981 4395 1148 4453 aliud
1184 4413 1400 4453 comma
1419 4438 1436 4466 ,
1504 4385 1592 4453 ‘ne
1651 4404 1819 4472 turpe
1861 4396 1944 4452 sit
1993 4412 2107 4469 pro
2145 4393 2482 4472 fortissimo
2526 4398 2653 4454 viro
2698 4396 2886 4454 dicere
2944 4395 3347 4473 incipientibus
3404 4388 3619 4455 timere’
3634 4421 3657 4455 .-
3724 4405 3784 4457 et
3829 4399 4056 4474 sactum
4100 4413 4189 4462 est

613 4500 776 4558 colon
797 4542 813 4570 ,
887 4498 951 4558 id
988 4506 1076 4556 est
1117 4496 1420 4556 membrum
1441 4539 1458 4567 ,
1525 4497 1680 4574 quod
1719 4496 2064 4555 intellectum
2107 4499 2306 4555 sensui
2352 4507 2650 4574 praes-tat,-
2710 4497 2815 4556 sed
2853 4499 3042 4558 adhuc
3091 4498 3302 4575 pendet
3344 4501 3531 4557 oratio
3548 4523 3568 4558 .-
3631 4503 3825 4579 .sieque
3872 4500 4071 4561 deinde
4110 4526 4187 4563 ex

610 4600 881 4680 pluribus
923 4599 1188 4659 membris
1211 4597 1304 4676 fit
1335 4600 1607 4676 periodus
1620 4641 1636 4671 ,
1683 4598 1748 4657 id
1785 4607 1872 4657 est
1911 4608 2166 4657 extrema
2210 4602 2524 4658 sententiae
2566 4600 2826 4659 clausula
2846 4643 2866 4672 ,
2931 4603 3017 4660 ita
3056 4591 3314 4659 ‘veterem
3357 4603 3697 4661 nudiciorum
3742 4621 3949 4662 morem
3992 4609 4188 4684 requi-

613 4697 769 4762 runt'
780 4746 795 4761 .
878 4703 1156 4780 periodus
1198 4710 1384 4759 autem
1430 4700 1665 4777 longior
1705 4721 1828 4759 esse
1868 4719 1982 4759 non
2027 4699 2220 4771 debet,
2270 4720 2437 4778 quam
2484 4710 2549 4760 ut
2591 4722 2703 4761 uno
2745 4705 2957 4780 spiritu
2996 4701 3392 4781 proferatur.)
3474 4705 3684 4764 modus
3726 4705 3783 4764 ei
3825 4725 3862 4765 a
3906 4705 4188 4770 Cicerone

613 4812 718 4866 aut
762 4809 1042 4885 quattuor
1083 4802 1334 4864 senariis
1376 4801 1648 4863 versibus
1689 4809 1794 4863 aut
1833 4802 2025 4880 ipsius
2069 4800 2317 4879 spiritus
2361 4805 2535 4865 modo
2579 4803 2947 4865 terminatur.
3035 4810 3337 4882 praestare
3378 4806 3585 4881 debet,
3640 4811 3711 4866 ut
3766 4826 4002 4868 sensum
4045 4828 4189 4869 con-

615 4909 816 4968 cludat
858 4927 910 4968 e.
943 4927 1000 4986 q.
1031 4927 1074 4966 s.
1119 4905 1182 4985 (l.
1213 4906 1256 4966 1.
1301 4904 1335 4985 S
1378 4905 1542 4984 1245).
1630 4924 1848 4982 genera
1891 4905 2020 4966 eius
2061 4906 2179 4965 duo
2222 4910 2396 4966 sunt:
2442 4907 2691 4967 alterum
2734 4906 3007 4984 simplex,
3052 4927 3186 4967 cum
3227 4926 3435 4967 sensus
3475 4927 3630 4968 unus
3658 4908 3929 4987 longiore
3960 4911 4191 4974 ambitu

615 5008 1104 5083 circumducitur,
1165 5008 1414 5069 alterum
1431 5051 1446 5081 ,
1504 5008 1663 5087 quod
1706 5013 1938 5068 constat
1980 5005 2258 5068 membris
2302 5011 2366 5068 et
2406 5007 2613 5070 incisis
2630 5055 2649 5084 ,
2706 5029 2859 5090 quae
2902 5010 3105 5088 plures
3148 5028 3355 5070 sensus
3396 5011 3651 5073 habent:
3702 5002 3925 5074 ‘aderat
3964 5012 4191 5076 ianitor

3535 5121 3571 5176 5
