4817 5934
3527 789 3861 850 Diomedes.

3212 903 3306 982 De
3351 907 3547 967 ectasi.
3612 909 3914 969 Ectasis
3958 919 4075 971 est
4117 930 4251 972 ex-

3126 1009 3406 1082 tensio,
3467 1030 3619 1090 quae
3676 1010 3745 1070 fit
3798 1031 3925 1070 cum
3980 1023 4253 1092 correpta

3125 1109 3351 1185 syllaba
3412 1121 3637 1172 contra*
3675 1114 3953 1172 rationem
4007 1133 4119 1190 per
4176 1117 4252 1174 li-

3126 1215 3367 1270 centiam
3430 1215 3775 1291 producitur
3790 1259 3807 1285 ,
3878 1224 3942 1272 ut
4002 1207 4252 1275 ‘exercet

3126 1313 3313 1372 Diana
3360 1306 3584 1372 choros'
3624 1317 3827 1394 (Verg.
3856 1321 3934 1375 A.
3973 1324 4029 1388 1,
4060 1319 4245 1398 499),-

3121 1414 3223 1475 hic
3276 1416 3435 1474 enim
3491 1416 3718 1478 Dianae
3774 1420 4004 1498 syllaba
4058 1421 4250 1497 prima

3121 1517 3409 1593 producta
3442 1524 3549 1590 cst,
3595 1539 3729 1578 cum
3762 1522 3982 1599 corripi
4016 1523 4245 1582 debeat.

2320 1613 2639 1691 Systole
2684 1623 2804 1675 est
2847 1637 3015 1678 cor·
3208 1620 3292 1677 De
3320 1621 3553 1696 systole.
3602 1621 3906 1699 Systole
3938 1631 4059 1684 est
4088 1644 4244 1686 cor-

662 1718 774 1772 est
804 1713 1185 1791 superiori
1219 1711 1784 1789 metaplasmus,
1890 1715 2156 1790 reptio
2189 1718 2601 1775 contraria
2634 1721 2907 1792 ectasi,
2937 1727 3018 1781 ut
3120 1722 3379 1798 reptio
3417 1725 3813 1787 contraria
3844 1727 4109 1785 ectasi.
4176 1727 4247 1787 fit

661 1835 793 1875 cum
859 1821 1037 1894 poeta
1103 1814 1432 1890 longiorem
1497 1813 1786 1890 syllabam
1887 1807 2267 1895 ‘aquosus
2312 1812 2581 1877 Orion'
2647 1820 2893 1898 (Verg.
2941 1829 3012 1883 A.
3118 1829 3315 1882 autem
3369 1842 3493 1881 cum
3540 1825 3715 1901 longa
3770 1826 3995 1900 syllaba
4042 1839 4245 1888 contra

657 1919 832 1977 metri
864 1917 1216 1977 necessitate
1252 1917 1516 1992 castiget,
1563 1920 1638 1974 ut
1681 1919 1786 1974 est
1891 1925 1947 1990 4,
1975 1917 2098 1994 52),
2143 1938 2306 1978 cum
2343 1919 2588 1979 Orion
2633 1941 2767 1998 pro
2786 1925 3013 1986 ducte
3116 1927 3397 1985 rationem
3440 1929 3759 2005 corrae‘pitut·
3798 1928 4001 2008 aliqua
4042 1951 4244 1992 ncces·

654 2010 1018 2099 ‘aquosus
1064 2009 1321 2077 Orion’
1365 2016 1594 2094 (Verg.
1626 2023 1701 2076 A.
1727 2025 1783 2091 4,
1831 2003 1840 2088 Ι
1887 2019 2052 2080 dici
2097 2021 2396 2081 debeat.
3116 2026 3293 2087 sitate
3337 2037 3617 2103 cogente,
3682 2039 3745 2088 uc
3787 2022 4103 2108 ‘urbemque
4144 2035 4241 2091 Fe·-

661 2123 783 2197 52),
831 2141 990 2181 cum
1026 2121 1270 2199 prima
1302 2119 1600 2180 Orionis
1629 2119 1782 2196 syl·
3115 2123 3337 2188 ‘lenam'
3402 2131 3604 2208 (Verg.
3644 2134 3725 2189 A.
3766 2137 3839 2201 6,
3890 2133 4073 2211 773),·
4146 2137 4241 2193 bic

655 2223 829 2284 laba
889 2223 1164 2303 utique
1222 2222 1455 2298 longe
1515 2222 1648 2295 sit,
1714 2227 1786 2280 ut
3116 2234 3264 2290 enim
3298 2233 3641 2292 Fidenarum
3675 2237 3921 2311 primam
3953 2236 4237 2312 syllabam

2317 781 2605 844 Donatus.

2393 903 2689 962 Ectasis
2734 907 2852 962 est
2895 923 3024 964 ex-

1899 1001 2160 1059 tensio
2199 1003 2551 1080 syllabae
2586 1011 2851 1064 contra
2890 1024 3023 1064 na-

1897 1107 2136 1162 turam
2209 1105 2459 1180 verbi,
2533 1113 2611 1166 ut
2678 1098 3022 1168 ‘Italiam

1895 1203 2053 1265 fato
2083 1199 2476 1283 profugus'
2504 1206 2740 1284 (Verg.
2767 1212 2838 1268 A.
2869 1209 3021 1286 1,2),

1895 1325 2049 1365 cum
2120 1308 2365 1368 Italia
2436 1314 2791 1386 correpte
2864 1311 3019 1371 dici

1895 1407 2182 1468 debeat

1049 778 1416 838 Consentius.

1267 897 1500 954 Eetase‘s
1542 904 1631 954 est
1671 913 1796 953 cum

665 1008 936 1075 correpta
979 997 1208 1074 syllaba
1254 1007 1432 1074 poeta
1475 999 1560 1058 sic
1595 1002 1794 1057 aucto-

666 1101 844 1161 ritate
915 1119 1022 1160 sua
1093 1101 1281 1160 utitur
1351 1105 1653 1180 tamquam
1717 1099 1797 1158 sit

666 1204 954 1281 temporis
982 1203 1288 1279 longioris,
1334 1208 1416 1261 ut
1458 1209 1574 1261 est
1610 1192 1792 1260 ‘Ita-

667 1305 841 1363 liam
899 1305 1065 1364 fato
1127 1297 1518 1380 profugus’
1587 1303 1789 1380 (Verg.

665 1411 736 1464 A.
771 1411 820 1479 1,
847 1405 911 1481 2)
956 1413 1027 1466 et
1056 1451 1069 1464 .
1094 1451 1108 1465 .
1136 1451 1149 1465 .
1179 1397 1429 1464 ‘exercet
1457 1408 1647 1465 Diana
1672 1398 1783 1462 cle?

663 1509 867 1586 (Vm-g.
897 1512 978 1567 A.
1013 1513 1068 1578 1,
1099 1509 1267 1586 499).
1313 1553 1324 1567 .
1363 1551 1376 1564 .
1413 1551 1426 1566 .
1463 1551 1478 1566 .

999 1611 1304 1687 Systole
1349 1609 1788 1670 contrarius

655 2326 798 2385 alibi
845 2333 906 2387 et
1092 2325 1188 2402 (A.
1223 2330 1280 2398 3,
1317 2323 1480 2401 517).
1526 2323 1645 2384 tale
1689 2329 1782 2383 est

655 2437 718 2489 et
762 2475 775 2488 .
809 2474 823 2488 .
855 2475 868 2488 .
917 2429 1014 2504 (A.
1053 2433 1105 2500 1,
1137 2427 1263 2505 41).

1361 2633 1654 2690 Diaeresis
1696 2638 1784 2688 est

651 2755 776 2794 cam
832 2754 943 2793 una
984 2735 1211 2810 syllaba
1270 2739 1329 2792 in
1373 2735 1520 2792 duas
1572 2733 1779 2790 dividi·

651 2849 770 2908 tar,
822 2847 887 2895 ut
917 2839 1210 2913 Vergilius
1253 2838 1360 2914 (A.
1394 2836 1455 2906 7,
1487 2836 1634 2910 464)
1683 2879 1697 2894 .
1720 2878 1735 2892 .
1762 2879 1776 2893 .

651 2945 713 2999 et
753 2941 862 3017 (A.
904 2945 964 3010 9,
1005 2938 1111 3016 26)
1168 2929 1370 3015 ‘pae'etaz’
1423 2929 1610 2996 νει-εἰς’
1662 2956 1775 3014 pro

640 3045 871 3118 pz'ctae3
921 3040 1233 3100 Lucretius
1277 3039 1372 3118 (1,
1410 3041 1513 3118 84)
1560 3083 1773 3099 ......

1220 3242 1774 3322 Episynaliphe

645 3353 767 3408 est
833 3345 1406 3424 conglutinatio
1473 3347 1774 3406 duarum

649 3450 1116 3527 syllabarum
1169 3449 1248 3507 in
1291 3467 1510 3507 unam
1551 3450 1770 3522 facta,

643 3560 726 3612 ut
779 3571 936 3612 cum
981 3551 1279 3610 dicitur
1319 3530 1771 3611 ‘Pliaethon’

645 3673 775 3732 pro
817 3641 1276 3713 ‘Phaethon'
1337 3657 1398 3711 et
1439 3643 1770 3730 ‘Marcipor’

642 3775 752 3834 pro
773 3745 971 3833 ‘puer',
1001 3743 1309 3830 ‘Orpheus'
1331 3771 1438 3830 pro
1459 3744 1768 3830 ‘Orpheus’

643 3878 694 3918 e.
728 3879 786 3940 q.
818 3879 864 3918 s.

1175 4264 1606 4344 Synaliphe
1648 4271 1768 4328 est

635 4372 761 4432 vel
805 4369 1184 4448 syncrisis
1243 4387 1398 4429 cum
1443 4387 1572 4446 per
1613 4369 1766 4428 col-

637 4474 1014 4533 lisionem
1121 4470 1763 4532 concurrentium

636 4575 1014 4637 vocalium
1079 4572 1466 4634 subtrahendi
1533 4591 1610 4634 ex
1669 4573 1764 4634 his

633 4679 897 4759 aliquam
925 4677 1280 4755 praebeatur
1310 4677 1538 4736 occasio
1570 4720 1585 4734 .
1611 4722 1624 4736 .
1649 4719 1664 4735 .
1696 4679 1765 4736 ut

635 4785 730 4841 est
761 4779 910 4839 illud
941 4769 1197 4860 ‘atque
1228 4795 1311 4837 ea
1339 4778 1393 4837 d.
1423 4797 1480 4856 p.
1512 4779 1570 4839 d.
1599 4798 1654 4857 p.
1687 4769 1758 4855 gl

631 4882 875 4961 (Vei-g.
906 4884 980 4941 A.
1013 4886 1070 4957 9,
1105 4879 1226 4959 1).
1259 4924 1274 4940 .
1306 4925 1321 4942 .
1351 4923 1366 4939 .

2438 2637 2845 2698 Diaeresis
2890 2647 3010 2698 est
3056 2629 3064 2710 Ι

3114 2335 3403 2411 corripuit
3418 2376 3436 2405 ‚
3485 2355 3609 2392 cum
3648 2339 3975 2413 producere
4016 2338 4240 2398 debuis-

3110 2444 3218 2504 εει,
3270 2436 3413 2495 item
3446 2427 3815 2517 ‘aquosus
3848 2435 4096 2499 Orion’
4137 2441 4237 2517 (A.

3111 2543 3168 2610 4,
3208 2537 3333 2616 52).

3200 2641 3283 2698 De
3321 2640 3590 2698 diacre-51⁸.
3682 2642 3768 2700 Di
3784 2661 3957 2702 aere
3971 2647 4031 2704 si
4051 2667 4079 2704 s
4123 2656 4237 2706 est

1883 2735 2260 2796 discissio
2335 2738 2699 2816 syllabae
2771 2741 3008 2799 unius
3112 2740 3491 2801 discissio
3564 2743 3918 2818 syllabae
4004 2750 4237 2809 unius

1882 2837 1959 2895 in
1996 2839 2181 2897 duas
2225 2839 2467 2912 facta,
2513 2847 2584 2900 ut
2609 2831 2730 2899 ‘olli
2762 2860 3007 2917 respon-

1881 2939 1969 2998 dit
2023 2958 2134 2998 rex
2179 2939 2353 2999 Albai
2409 2934 2629 3018 longai’
2686 2944 2865 3021 (Enn.
2910 2964 3003 3004 an.

1889 3044 1939 3114 1,
1973 3040 2099 3116 34).

2416 3248 3003 3328 Episynaliphe

3108 2843 3183 2901 in
3228 2841 3407 2902 duas
3452 2843 3691 2916 dz'vesssae,
3742 2855 3807 2903 ut
3842 2839 4015 2908 ‘clives
4047 2853 4243 2927 pictai

3110 2964 3163 3001 v.
3204 2964 3255 3002 e.
3294 2938 3369 3003 a.’
3408 2946 3609 3024 (Verg.
3640 2951 3722 3006 A.
3751 2931 3812 3020 9}
3844 2951 3949 3028 26)
3989 2971 4102 3028 pro
4138 2955 4233 3030 pe·-

3110 3057 3237 3105 ctae
3282 3055 3343 3107 et
3372 3038 3545 3107 ‘aulai
3580 3043 3791 3111 medio'
3834 3055 3937 3128 (A.
3972 3059 4031 3124 3,
4062 3052 4227 3128 354).

3192 3255 3275 3310 De
3309 3252 3720 3328 eptkynalnploee.
3786 3254 3838 3311 E
3852 3273 3889 3328 p
3906 3255 3926 3310 i
3944 3275 3971 3312 s
3984 3273 4025 3329 y
4036 3273 4076 3312 n
4088 3252 4187 3310 ali
4202 3285 4227 3296 -

1877 3350 1999 3407 est
2039 3349 2648 3424 conglutinatio
2685 3353 3001 3412 duarum
3104 3355 3245 3428 phe
3288 3360 3410 3412 est
3452 3353 4041 3428 conglutinatio
4097 3373 4228 3414 seu

1874 3448 2369 3524 syllabarum
2413 3451 2492 3510 in
2528 3471 2755 3512 unam
2788 3453 3001 3516 facta
3104 3454 3541 3515 contractio
3618 3455 3921 3512 duarum
3985 3455 4226 3531 sylla·

1874 3552 2252 3611 contraria
2275 3553 2610 3626 diaeresi,
2642 3545 2998 3615 ut‘Phae-

1871 3644 2078 3713 thon’
2130 3672 2266 3729 pro
2309 3644 2784 3729 ‘Phaethon’,
2827 3647 2995 3716 ‘Ne-

1869 3747 2012 3812 rei’
2078 3773 2217 3831 pro
2273 3748 2601 3829 ‘'Nerei'’,
2662 3747 2995 3836 ‘aeripe-

1872 3847 2061 3914 dem'
2105 3875 2243 3934 pro
2285 3846 2805 3936 ‘aeripedem'.

2389 4265 2829 4346 Synalipbe
2872 4275 2993 4330 est

1868 4387 2001 4447 per
2085 4368 2744 4447 interceptionem
2819 4389 2991 4430 oon-

1867 4471 2342 4532 currentium
2417 4469 2804 4532 vocalium
2876 4471 2991 4532 lu-

3101 3557 3357 3615 barum
3430 3555 3508 3613 in
3573 3575 3780 3615 unam
3856 3556 4228 3632 syllabam

3098 3659 3305 3718 facta
3336 3657 3725 3717 contraria
3754 3659 4067 3734 synaliphe
4098 3657 4226 3734 (di-

3100 3758 3450 3836 aeresi?),
3511 3763 3589 3818 ut
3642 3749 3963 3819 ‘fixerit
4020 3761 4226 3819 aeri-

3098 3863 3356 3939 pedem
3400 3880 3448 3920 c.
3482 3853 3536 3920 1.'
3588 3858 3829 3937 (Verg.
3863 3865 3936 3921 A.
3967 3866 4025 3935 6,
4059 3863 4226 3939 8ῠ3),

3100 3983 3255 4023 cum
3312 3962 3753 4039 aeripedem
3811 3965 4055 4041 quinque
4106 3965 4227 4040 syl-

3100 4065 3267 4124 labas
3296 4065 3484 4123 dicere
3514 4064 3831 4122 debeamus.
3902 4067 3985 4122 ita
3998 4063 4089 4140 fit
4108 4082 4223 4122 nna

3096 4167 3322 4244 syllaba
3367 4186 3443 4225 ea·
3484 4164 3721 4224 duabus.

3183 4270 3267 4327 De
3286 4269 3609 4346 synaliploe.
3657 4267 4079 4345 Synaliphe
4113 4274 4224 4330 est

3097 4370 3464 4443 conlisi0,
3504 4389 3657 4451 quae
3700 4369 3769 4432 fit
3812 4389 3935 4428 cum
3980 4372 4221 4429 duarum

3094 4473 3255 4533 inter
3296 4491 3359 4532 se
3419 4471 4047 4532 concurrentium
4090 4491 4219 4532 vo-

1865 4573 2087 4632 brica
2171 4574 2539 4654 quaedam
2624 4573 2992 4655 lenisque
3096 4564 4222 4654 caliumalteraeliditur,ut‘atque

1865 4674 2229 4748 confinio,
2288 4681 2368 4735 nt
2422 4665 2691 4755 ‘atque
2751 4694 2833 4736 ea
2887 4673 2991 4735 di·

3096 4695 3181 4736 ea
3232 4675 3533 4736 diversa
3574 4695 3633 4754 p.
3671 4675 3727 4736 d.
3760 4695 3817 4754 p.
3864 4669 3936 4752 g.’
3990 4676 4218 4754 (Verg.

1863 4795 2085 4838 versa
2112 4796 2172 4855 p.
2197 4777 2253 4837 d.
2276 4797 2335 4856 p.
2359 4767 2434 4853 g.'
2462 4775 2703 4855 (Verg.
2725 4781 2797 4838 A.
2824 4781 2883 4852 9,
2911 4777 2991 4855 1).
3094 4780 3166 4838 A.
3200 4782 3259 4852 9,
3300 4778 3374 4854 1).
3459 4777 3557 4836 hic
3587 4779 3731 4836 enlm
3763 4797 3933 4837 anum
3977 4799 4011 4836 e
4043 4797 4220 4856 prae-

2802 4879 2991 4941 haec
3095 4879 3297 4939 cedens
3326 4879 3564 4938 exclude·
3599 4897 3825 4938 necesse
3856 4889 3964 4939 est.
4030 4880 4219 4942 haec

1864 5000 1901 5040 a
1944 4982 2396 5063 quibusdam
2439 4980 2821 5060 syncrisis
2860 5001 2987 5042 no·

1860 5084 2212 5144 minatur.

3091 5001 3129 5042 a
3171 4982 3624 5063 quibusdam
3666 4982 4051 5061 syncrisis
4092 5001 4217 5041 no·-

3088 5083 3436 5146 minatur.
