4817 5934
2109 617 2625 690 —19—

579 833 720 880 cum
766 815 1072 881 Diomede
1132 814 1452 881 consentit
1507 815 1592 880 M.
1637 813 1883 880 Plotius
1930 813 2272 894 SacerdOS,
2336 815 2415 880 de
2461 832 2586 896 quo
2631 814 2824 897 paulo
2868 819 3019 895 post
3076 813 3263 896 plura
3322 813 3731 881 disseremus.
3818 820 4160 897 praeterea

581 933 665 999 ad
709 934 964 999 tertium
1009 940 1335 1000 auctorem
1381 951 1460 998 ea
1499 933 1801 998 videntur
1843 932 2180 999 referenda
2223 951 2402 1013 esse,
2462 951 2627 1014 quae
2668 935 2751 998 de
2792 951 3120 1016 paragoge
3163 934 3475 1013 exposuit.
3562 952 3709 1000 nam
3770 951 3910 999 cum
3969 953 4156 1018 para·

579 1071 742 1135 goge
772 1052 942 1118 idem
973 1053 1062 1117 sit
1090 1053 1550 1134 metaplasmus
1583 1070 1658 1118 ac
1688 1052 2226 1134 prosparalepsiS,
2269 1051 2613 1117 Diomedes
2659 1070 2809 1118 vero
2855 1054 2935 1118 de
2979 1053 3079 1117 his
3124 1052 3493 1134 separatim,
3532 1053 3802 1135 primum
3852 1054 3931 1118 de
3973 1073 4155 1136 pros-

579 1161 920 1253 paralepsi,
967 1171 1198 1238 deinde
1242 1172 1324 1236 de
1365 1189 1707 1252 paragoge,
1751 1172 1935 1253 quasi
1979 1171 2109 1237 sint
2144 1171 2399 1252 diversi,
2445 1170 2748 1253 disputet,
2790 1171 2981 1236 unius
3016 1171 3418 1254 metaplasmi
3448 1171 3765 1253 duplicem
3799 1191 3876 1236 ex
3907 1173 4155 1237 duobus

577 1290 862 1356 fontibus
927 1291 1196 1356 diversis
1255 1291 1550 1355 iteratam
1603 1289 2034 1356 definitionem
2094 1290 2524 1372 agnoscimus,
2612 1290 2909 1371 quoniam
2970 1296 3182 1354 autem
3243 1290 3813 1372 prosparalepseos
3873 1291 4157 1357 definitio

579 1409 764 1474 fluxit
807 1429 844 1473 e
889 1408 1159 1475 Charisii
1203 1408 1378 1475 fonte
1423 1415 1489 1474 et
1533 1408 1816 1476 definitio
1863 1427 2224 1491 paragoges
2270 1427 2409 1474 cum
2456 1409 2708 1475 Donato
2752 1426 3003 1491 quoque
3046 1426 3173 1475 non
3221 1408 3696 1494 consentit38),
3758 1411 3919 1476 haec
3964 1411 4153 1477 tertio

580 1528 965 1594 vindicanda
1009 1535 1112 1592 est
1157 1529 1400 1594 auctori
1461 1529 1616 1611 (nis-i
1659 1529 2121 1610 interpolatori.
2184 1528 2258 1593 cf.
2303 1527 2493 1593 Keilii
2539 1528 2756 1592 adnot.
2803 1527 2937 1593 crit.
2982 1529 3065 1591 ad
3110 1527 3397 1593 Diomed.
3443 1547 3504 1610 p.
3536 1530 3682 1611 440,
3712 1529 3847 1615 30).
3890 1565 3973 1577 ——-
4032 1530 4157 1596 De-

578 1647 900 1712 finitiones
958 1647 1155 1730 igitur
1208 1647 1598 1728 singulorum
1643 1648 2210 1729 metaplasmorum
2256 1665 2297 1711 a
2340 1647 2649 1711 Diomede
2694 1646 2855 1711 alias
2900 1647 3187 1727 integras
3234 1665 3311 1712 ex
3356 1646 3629 1712 Charisii
3675 1652 3937 1714 auctore
3980 1655 4155 1714 tran-

583 1740 856 1849 scriptas
903 1783 1064 1846 esse,
1109 1765 1269 1832 alias
1317 1767 1561 1832 auctori
1606 1767 1821 1831 deberi
1853 1766 2108 1848 Donati,
2154 1767 2370 1848 plures
2420 1787 2496 1830 ex
2538 1766 2871 1848 utriusque
2915 1763 3386 1830 definitionibus
3433 1767 3819 1848 compositas
3864 1769 3968 1833 vel
4012 1787 4159 1834 con-

580 1886 950 1964 taminatas,
1011 1885 1175 1951 duas
1220 1885 1493 1967 denique
1539 1905 1616 1951 ex
1660 1887 1849 1951 tertio
1893 1887 2168 1967 quodam
2212 1889 2472 1950 auctore
2517 1889 2809 1966 sumptas
2871 1901 3017 1949 esse
3060 1883 3350 1949 vidimus.
3440 1885 3567 1949 iam
3612 1887 3933 1969 exempla,
3994 1906 4158 1968 quae

582 2003 848 2086 singulis
896 2004 1371 2070 definitionibus
1417 2003 1756 2070 subiuncta
1797 2004 2127 2086 hucusque
2171 2003 2585 2086 negleximuS,
2630 2004 3078 2068 examinemus.

834 2125 1044 2205 Atque
1087 2124 1380 2204 exempla
1425 2141 1676 2205 quoque
1719 2140 1760 2188 a
1803 2122 2110 2189 Diomede
2154 2123 2380 2204 allata,
2442 2123 2609 2187 sicut
2655 2121 3089 2202 definitioneS,
3148 2121 3381 2202 partim
3428 2123 3601 2205 apud
3647 2123 4004 2190 Charisium
4028 2130 4155 2208 ³⁹),

577 2243 810 2325 partim
854 2243 1026 2325 apud
1071 2243 1522 2324 Donatum40)
1567 2242 1858 2322 redeunt,
1903 2241 2031 2307 alia
2073 2261 2214 2307 cum
2258 2248 2529 2323 utroque
2574 2246 2727 2306 sunt
2769 2241 3127 2306 communia
3170 2239 3276 2324 (cf.
3322 2242 3467 2306 adn.
3498 2243 3643 2326 33),
3690 2243 3935 2326 reliqua
3979 2247 4151 2327 apud

576 2369 872 2428 neutrum
916 2362 1467 2442 inveniunturss).
1557 2361 1850 2443 quoniam
1896 2361 2091 2443 igitur
2131 2361 2306 2426 haud
2349 2377 2557 2442 pauca
2600 2360 2893 2441 exempla
2928 2359 3219 2425 Diomedi
3263 2361 3619 2426 communia
3663 2368 3815 2428 sunt
3857 2370 3972 2429 aut
4014 2382 4155 2430 cum

578 2482 692 2549 Ch.
737 2485 850 2546 aut
895 2499 1034 2545 cum
1079 2481 1364 2561 Donato,
1423 2480 1712 2545 firmatur
1767 2480 2092 2546 sententia
2150 2499 2292 2544 eum
2350 2481 2575 2544 horum
2622 2479 3178 2560 grammaticorum
3219 2479 3503 2545 fontibus
3550 2498 3734 2546 usum
3781 2500 3926 2548 esse
3969 2501 4155 2565 sepa-

577 2601 755 2666 ratis,
843 2605 911 2664 et
952 2599 1092 2682 pari
1135 2601 1322 2666 modo
1367 2618 1483 2666 sex
1526 2599 1655 2666 illis
1701 2599 2030 2683 exemplis,
2073 2617 2238 2681 quae
2271 2599 2445 2680 apud
2480 2583 2591 2665 Ch.
2624 2604 2689 2664 et
2723 2598 2799 2662 D.
2829 2597 3073 2664 frustra
3105 2615 3408 2681 quaeres,
3454 2600 3734 2681 suspicio
3780 2601 4153 2668 Diomedem

579 2719 771 2785 etiam
818 2737 896 2783 ex
939 2720 1128 2784 tertio
1189 2721 1464 2800 quodam
1524 2719 1685 2785 libro
1745 2719 2042 2785 hausisse
2099 2739 2226 2785 non
2283 2717 2658 2784 infirmatur.
2747 2717 2917 2799 quod
2962 2717 3237 2798 denique
3282 2719 3560 2800 quinque
3606 2723 3671 2784 et
3716 2721 3889 2801 apud
3934 2721 4043 2788 Ch.
4090 2728 4155 2788 et

580 2837 753 2920 apud
798 2838 960 2904 Don.
1005 2840 1336 2920 iterantur,
1381 2839 1502 2904 hoc
1543 2843 1610 2904 te
1652 2857 1780 2904 non
1823 2834 2086 2902 habebit
2130 2835 2378 2918 mirum,
2424 2837 2479 2902 si
2524 2836 2887 2902 memineris
2930 2836 2999 2902 id
3047 2837 3219 2918 quod
3264 2855 3463 2918 supra
3504 2857 3580 2918 p..
3601 2839 3677 2904 17
3728 2840 3809 2904 de
3853 2841 4153 2926 primario

579 2957 756 3022 fonte
800 2957 1116 3022 communi
1161 2957 1451 3021 diximus.

833 3075 961 3141 Sed
1003 3081 1261 3157 praeter
1290 3074 1645 3140 Charisium
1677 3075 2124 3154 Donatumque
2169 3074 2278 3138 alii
2323 3092 2589 3156 quoque·
2619 3075 3182 3158 metaplasmorum
3224 3092 3557 3140 recensum
3602 3077 3938 3159 dederunt,
3982 3081 4157 3145 velut

579 3194 962 3262 Consentius
1009 3195 1116 3260 Gr.
1159 3194 1268 3259 lat.
1317 3194 1404 3274 V,
1449 3194 1571 3259 387
1605 3211 1776 3276 sqq.,
1819 3195 2225 3275 AnouymuS,
2269 3191 2451 3257 cuius
2492 3188 2594 3258 ‘de
2638 3194 2878 3259 ultimis
2924 3188 3206 3276 syllabis’
3248 3193 3411 3259 liber
3454 3213 3584 3260 una
3627 3213 3768 3261 cum
3813 3197 4005 3263 Probi
4052 3217 4155 3264 ca-

577 3314 833 3380 tholicis
878 3314 1089 3380 editus
1136 3318 1238 3379 est
1281 3313 1390 3378 Gr.
1433 3312 1546 3379 lat.
1589 3314 1712 3394 IV,
1760 3310 2254 3396 129—26442),
2317 3311 2629 3379 Sacerdos
2676 3313 2782 3379 Gr.
2827 3313 2937 3378 lat.
2983 3314 3101 3394 VI,
3144 3313 3269 3380 451
3301 3331 3467 3396 sqq.,
3531 3315 3612 3379 de
3656 3315 3887 3395 quibus
3945 3336 4155 3399 pauca

839 3575 942 3648 38)
991 3593 1122 3632 oum
1167 3573 1401 3632 Donato
1445 3571 1597 3630 nihil
1643 3569 1803 3628 aliud
1848 3576 1941 3629 est
1983 3587 2292 3629 commune
2348 3569 2464 3628 nisi
2523 3587 2738 3628 nomen
2795 3561 3125 3647 ‘paragoge’
3182 3577 3243 3632 et
3300 3572 3637 3650 exemplum
3694 3565 3983 3650 ‘potestur
4040 3597 4148 3652 pro

579 3667 808 3751 potest’,
854 3675 1012 3755 quod
1054 3659 1372 3733 Diomedes
1415 3675 1664 3733 fortasse
1709 3693 1786 3732 ex
1829 3672 2050 3732 Donati
2095 3678 2334 3731 auctore
2377 3671 2629 3732 addidit.

839 3777 944 3853 39)
991 3777 1063 3836 cf.
1109 3796 1153 3835 s.
1188 3782 1230 3836 t.
1277 3779 1348 3834 de
1393 3777 1617 3852 prosth.
1765 3775 1940 3852 Verg.
1975 3777 2044 3833 A.
2101 3779 2192 3846 11,
2229 3775 2381 3844 1783
2428 3774 2639 3833 incert.
2682 3782 2829 3848 trag.
2875 3795 2931 3835 v.
2966 3779 3044 3832 25
3091 3775 3269 3835 Ribb.

1289 3922 1326 3950 „
1396 3880 1636 3953 epenth.
1826 3922 1860 3950 ‚,
1990 3923 2024 3949 „
2095 3882 2149 3950 3,
2183 3881 2338 3947 4093
2389 3881 2443 3949 8,
2480 3881 2621 3935 630.

1159 4023 1176 4052 ,
1291 4023 1325 4051 ,,
1393 3979 1714 4054 prosparal.
1824 4025 1858 4051 „
1989 4024 2022 4052 „
2092 3984 2149 4052 9,
2184 3983 2324 4037 231.
2416 3980 2489 4037 de
2531 3997 2793 4056 syncope
2838 3979 3015 4052 Verg.
3060 3982 3131 4038 A.
3180 3985 3240 4052 4,
3272 3984 3413 4040 682.

1177 4124 1193 4152 ,
1289 4127 1322 4152 „
1390 4100 1655 4157 apocope
1826 4126 1860 4154 „
1991 4126 2025 4155 „
2099 4085 2193 4153 10,
2227 4085 2378 4152 4813
2425 4081 2580 4140 Enn.
2624 4100 2718 4141 an.
2768 4085 2907 4140 563.

1155 4228 1190 4256 ‚,
1285 4229 1319 4257 „
1387 4182 1608 4260 systole
1823 4229 1858 4258 „
1986 4228 2021 4256 ‚,
2094 4189 2149 4257 6,
2187 4185 2326 4242 773.
2419 4183 2490 4242 de
2535 4183 2783 4244 diaeresi
2827 4182 3003 4258 Verg.
3050 4186 3119 4242 A.
3168 4188 3223 4256 9,
3273 4188 3371 4242 26.

1160 4331 1195 4359 ,‚
1292 4331 1326 4358 ‚,
1394 4285 1604 4344 antith.
1758 4285 1929 4346 ovid.
1976 4290 2113 4346 met.
2161 4291 2216 4359 3,
2253 4286 2350 4344 79.

840 4389 944 4466 40)
989 4387 1064 4447 cf.
1109 4407 1154 4446 s.
1188 4395 1230 4447 t.
1279 4388 1351 4446 de
1396 4406 1626 4463 parag.:
1685 4378 2007 4463 ‘potesturfi
2095 4389 2168 4446 de
2213 4387 2465 4463 systole:
2509 4387 2685 4464 Verg.
2718 4392 2791 4447 A.
2838 4393 2894 4462 4,
2933 4392 3028 4448 52.

1281 4492 1355 4549 de
1399 4491 1637 4550 antith.:
1680 4481 1804 4549 ‘olli
1846 4509 1955 4566 pro
1999 4482 2120 4549 illi'.

839 4591 945 4666 41)
986 4598 1057 4652 ut
1098 4612 1144 4652 s.
1174 4598 1217 4652 t.
1261 4593 1334 4652 de
1378 4593 1701 4668 prosparal.
1747 4593 1922 4670 Verg.
1957 4597 2027 4652 A.
2075 4598 2131 4666 4,
2165 4598 2305 4653 493.
2361 4595 2437 4652 de
2466 4613 2761 4670 paragoge
2790 4591 2982 4654 Plaut.
3015 4594 3182 4654 euro.
3212 4595 3261 4667 1,
3300 4597 3351 4666 1,
3389 4598 3441 4654 1.
3498 4592 3571 4652 de
3598 4593 3836 4668 aphaer.
3870 4593 4047 4670 Verg.
4082 4601 4153 4656 A.

590 4697 684 4766 12,
715 4697 839 4751 454
854 4713 870 4763 ;
923 4698 1016 4767 10,
1047 4699 1188 4753 481.
1250 4697 1322 4754 de
1367 4696 1616 4756 diaeresi
1662 4696 1838 4772 Verg.
1871 4701 1943 4756 A.
1991 4702 2046 4770 3,
2084 4700 2225 4757 354.
2285 4697 2356 4755 de
2399 4697 2663 4773 prothes.
2705 4695 2912 4773 parall.
2958 4695 3135 4772 Verg.
3166 4699 3238 4754 A.
3287 4701 3342 4769 6,
3378 4699 3519 4754 502.

840 4795 946 4872 42)
992 4796 1066 4856 cf.
1096 4797 1248 4855 Keil.
1293 4798 1330 4856 l.
1363 4798 1401 4858 1.
1445 4818 1504 4875 p.
1535 4797 1788 4859 XXXI:
1830 4789 2060 4861 ‘Restat
2099 4799 2256 4858 liber
2298 4800 2370 4859 de
2414 4798 2641 4859 ultimis
2684 4797 2930 4874 syllabis
2974 4799 3228 4874 scriptus
3239 4818 3255 4869 3
3301 4816 3478 4878 quem
3520 4797 3739 4856 librum
3778 4796 3918 4856 olim
3950 4796 4149 4856 Probo

576 4898 870 4959 tributum
917 4903 980 4958 et
1019 4917 1154 4958 cum
1195 4901 1501 4961 catholicis
1545 4901 1925 4961 coniunctum
1968 4919 2098 4960 esse
2141 4921 2263 4961 non
2308 4902 2661 4962 auctoritate
2703 4900 2843 4960 libri
2886 4899 3288 4976 manuscripti,
3334 4900 3438 4959 sed
3480 4899 3822 4959 coniectura
3849 4899 4152 4959 Parrhasii

577 5019 758 5078 supra
800 5001 882 5080 (p.
913 4999 1002 5079 X)
1047 5001 1269 5060 dictum
1311 5008 1403 5062 est
1426 4994 1460 5060 ’.
1495 5047 1506 5060 .
1541 5049 1554 5062 .
1586 5047 1600 5061 .
1647 5022 1829 5083 quare
1871 5004 2111 5077 librum,
2177 5004 2250 5063 de
2293 5003 2462 5064 cuius
2506 5009 2745 5064 auctore
2787 5002 2943 5062 nihil
2986 5002 3225 5062 omnino
3271 5007 3528 5074 constat,
3592 4998 3871 5079 quoniam
3916 5018 3952 5058 a
3992 5002 4155 5076 prio-

3432 5109 3467 5161 3
3492 5098 3535 5135 «ι
