4817 5934
1069 827 1439 888 Consentius.

1369 947 1690 1023 Ectltle'psaek
1732 953 1820 1003 est

685 1069 814 1108 cum
874 1069 994 1109 non
1054 1050 1180 1109 sola
1239 1049 1461 1110 vocalis
1515 1047 1815 1119 eximitur,

688 1154 791 1213 sed
849 1169 1089 1212 neeesse
1147 1155 1264 1223 est,
1323 1157 1392 1211 ut
1434 1168 1564 1209 eam
1608 1169 1813 1210 conso-

690 1274 841 1314 nans
885 1259 1187 1334 sequatur,
1233 1252 1410 1332 quale
1455 1253 1616 1333 quod
1661 1251 1813 1311 dixi-

689 1377 822 1417 mus
847 1347 1186 1415 ‘multum
1216 1354 1354 1413 ille
1385 1358 1457 1413 et
1484 1345 1544 1415 t.'
1575 1353 1812 1432 (Verg.

682 1463 759 1520 A.
797 1462 850 1532 1,
885 1457 968 1536 3).

1324 1659 1660 1723 Antithesis
1705 1664 1811 1733 est,

689 1790 821 1826 num
865 1786 973 1842 pru
1017 1766 1218 1826 littera
1272 1764 1389 1823 alia
1445 1763 1646 1823 littera
1685 1782 1812 1839 po·

689 1870 929 1938 nitur,
973 1878 1041 1926 ut
1077 1866 1322 1927 mutatio
1366 1865 1489 1938 fiat,
1533 1884 1813 1925 numerus

689 1978 885 2030 nutem
929 1970 1287 2046 syllabarum
1336 1987 1456 2028 non
1505 1967 1686 2041 desit,
1744 1973 1813 2027 ut

689 2094 817 2130 num
869 2074 1116 2130 *linimus
1157 2060 1353 2129 ‘olli'
1396 2088 1527 2147 pro
1569 2060 1766 2129 ‘illi’.

1461 2171 1814 2232 metathesis

689 2286 781 2338 est
837 2298 969 2338 sum
1013 2294 1164 2354 quae
1220 2275 1416 2334 fuerat
1472 2274 1536 2333 in
1593 2274 1813 2335 litteris

685 2382 761 2438 nh
805 2378 921 2438 alio
981 2378 1057 2438 in
1105 2376 1333 2436 alium
1386 2376 1630 2436 looum
1674 2376 1811 2437 lit·

685 2486 853 2538 tera
885 2479 1384 2552 transfertur,
1412 2486 1494 2539 ut
1521 2498 1674 2539 oum
1705 2479 1809 2538 di-

685 2582 921 2642 simus
949 2572 1267 2641 ‘Timbre’
1296 2600 1430 2659 pro
1458 2571 1807 2655 ‘Timber'‚

685 2694 759 2744 et
789 2675 1189 2743 ‘Euandre’
1222 2703 1353 2760 pro
1382 2674 1807 2745 ‘Euander'.

2227 629 2745 700 -28—

2340 826 2628 887 Donatus.

2453 945 2886 1023 Eothlipsis
2929 951 3049 1005 est

1919 1048 2504 1108 consonantium
2552 1068 2707 1108 oum
2751 1047 3047 1109 vocali-

1917 1148 2052 1207 bus
2095 1168 2366 1225 aspere
2399 1149 3048 1210 concurrentium

1916 1251 2284 1330 quaedam
2328 1251 2697 1311 difficilis
2739 1269 2819 1312 ao
2872 1253 3050 1310 dura

1918 1353 2264 1426 conlisio,
2310 1359 2390 1413 ut
2418 1344 2755 1413 ‘multum
2798 1353 2940 1412 ille
2975 1360 3049 1412 et

1917 1459 1960 1515 t.
1993 1454 2036 1513 i.
2067 1474 2116 1515 e.
2150 1445 2221 1513 a.’
2305 1455 2535 1533 (Verg.
2569 1459 2639 1514 A.
2678 1459 2729 1528 1,
2764 1453 2846 1532 3).

2438 1659 2885 1719 Antithesis
2928 1668 3045 1720 est

1917 1761 2241 1821 litterae
2271 1780 2402 1837 pro
2434 1760 2707 1821 littera
2736 1762 3041 1839 positio,

1915 2073 1995 2127 ut
2035 2057 2235 2126 ‘olli’
2278 2086 2413 2144 pro
2456 2057 2656 2126 ‘illi'.

2589 2170 3041 2233 Metathesis

3550 829 3885 891 Diomedes.

3238 949 3321 1006 De
3352 949 3639 1025 ecthle'pse'.
3707 950 4134 1027 Ecthlipsis
4167 958 4281 1012 est

3154 1049 3488 1109 conlisio
3549 1053 3907 1131 quaedam
3965 1053 4278 1112 diffici-

3152 1151 3252 1212 lis
3312 1172 3392 1213 ao
3456 1153 3631 1211 dura
3694 1155 4274 1214 consonantium

3151 1273 3305 1313 eum
3343 1254 3751 1315 vocalibus
3796 1275 4058 1333 aspere
4104 1276 4275 1316 oon-

3150 1356 3653 1428 ourrentium,
3726 1365 3803 1418 ut
3874 1363 3991 1418 est
4058 1348 4275 1416 ‘mul-

3148 1462 3297 1516 tum
3339 1458 3483 1516 ille
3529 1465 3597 1518 et
3627 1463 3669 1518 t.
3698 1460 3737 1518 i.
3772 1478 3821 1518 e.
3852 1457 3922 1519 a.’
3967 1460 4169 1536 (Verg.
4198 1465 4271 1519 A.

3154 1565 3205 1631 1,
3246 1559 3326 1636 3).

3236 1665 3318 1720 De
3350 1663 3642 1721 antithesi.
3693 1665 4134 1725 Antithesis
4164 1672 4275 1727 est

3146 1763 3463 1824 litterae
3507 1769 3909 1836 commutatio,
3961 1777 4028 1825 ut
4065 1759 4275 1845 ‘inpete

3146 1886 3202 1925 n.
3242 1886 3296 1923 v.
3340 1909 3353 1923 .
3389 1861 3423 1924 .'
3474 1868 3665 1944 (Ouid.
3704 1869 3845 1926 Met.
3886 1874 3946 1940 3,
3989 1870 4132 1946 79),
4185 1873 4272 1928 in-

3138 1977 3269 2045 pete
3324 1969 3533 2027 dic-tm
3593 1979 3681 2027 est
3725 1989 3840 2046 pro
3898 1973 4143 2049 1'mpetu5
4212 1978 4274 2033 et

3144 2061 3326 2130 ‘olli’
3368 2092 3501 2150 pro
3544 2062 3745 2132 ‘illi'.

3235 2175 3317 2231 De
3380 2175 3697 2232 metathesi.
3806 2177 3870 2234 M
3885 2195 3918 2235 e
3932 2180 4004 2237 ta
4017 2177 4098 2236 th
4114 2195 4148 2234 e
4160 2177 4221 2237 si
4240 2197 4270 2236 s

1915 2277 2036 2332 est
2106 2271 2527 2331 translatio
2600 2272 3040 2334 litterarum
3145 2273 3437 2335 dieitur
3497 2278 3934 2338 translatio,
4020 2289 4113 2338 est
4164 2298 4268 2336 au-

1913 2374 1992 2433 in
2035 2373 2362 2433 alienum
2404 2373 2643 2434 loeum
2686 2375 2890 2435 nulla
2929 2382 3038 2435 ta-

1913 2493 2076 2534 men
2150 2493 2239 2532 ex
2311 2475 2651 2536 diotione
2722 2477 3038 2552 sublata,

1913 2581 1995 2636 ut
2021 2567 2253 2636 ‘Euan
2271 2568 2421 2636 dre'
2452 2597 2584 2656 pro
2614 2568 3036 2654 ‘Euander’‚

1910 2669 2341 2757 ‘Thymbre'
2384 2699 2516 2757 pro
2557 2671 3005 2759 ‘Thymber’.

3146 2387 3252 2435 lem
3300 2379 3626 2438 litterarum
3672 2381 3813 2438 ordo
3856 2389 4108 2439 mutatus
4123 2425 4140 2452 ‚
4205 2392 4273 2439 ut

3140 2471 3291 2537 ‘nam
3353 2480 3463 2539 tibi
3505 2480 3729 2539 Timbre
3771 2492 3950 2558 caput
3993 2485 4063 2542 Ε.
4098 2503 4158 2542 a.
4198 2475 4269 2545 e.'

3144 2582 3347 2660 (Verg.
3376 2585 3456 2640 A.
3495 2589 3592 2654 10,
3625 2582 3812 2661 394),·
3865 2584 4091 2644 Timber
4119 2589 4266 2645 enim

3140 2687 3364 2742 ratione
3406 2685 3697 2743 dicendum
3740 2696 3843 2744 est.

3230 2788 3311 2844 De
3346 2787 3688 2864 protheseon
3728 2790 4062 2867 parallage.
4126 2791 4267 2851 Pro-

3144 2887 3370 2946 ἰήσει-οη
3433 2891 3747 2968 parallage
3810 2901 3900 2950 est
3962 2912 4087 2952 cum
4143 2896 4265 2954 alia

3143 3009 3308 3067 quam
3352 3010 3497 3068 quae
3538 2991 3700 3051 debet
3745 2997 4106 3073 praepositio
4156 3015 4265 3074 po-

3142 3094 3323 3164 nitur,
3366 3103 3431 3151 ut
3454 3085 3576 3153 ‘cui
3602 3105 3819 3155 tantum
3851 3099 3921 3155 de
3954 3107 4010 3155 le
4038 3097 4207 3156 licuit
4218 3089 4265 3154 Υ

3143 3192 3345 3271 (Verg.
3382 3198 3463 3253 A.
3505 3200 3566 3267 6,
3605 3196 3753 3275 502)
3789 3217 3904 3274 pro
3947 3198 4007 3254 in
4054 3205 4128 3253 te.
