4817 5934
2133 619 2644 688 -37-

597 816 890 898 adhibuit
933 821 1261 896 auctoreS,
1305 834 1571 898 quorum
1619 816 1780 886 duos
1827 815 2094 899 (Donati
2141 820 2205 880 et
2248 813 2550 898 Charisii)
2596 812 2662 877 in
2709 817 2976 894 utroque
3022 812 3231 894 capite
3278 829 3424 878 esse
3470 812 3727 877 eosdem
3789 816 3931 904 tota
3988 831 4177 895 argu-

594 935 990 1002 mentatione
1033 939 1257 1000 nostra
1299 941 1499 1016 patet.
1585 935 1802 1016 itaque
1846 935 1974 999 iam
2019 933 2629 1015 circumspiciamus,
2675 932 2782 1015 qui
2826 931 2919 997 illi
2964 937 3259 997 auctores
3302 930 3557 996 fuerint.

851 1054 1122 1120 Praeter
1165 1053 1656 1134 Quintilianum,
1717 1052 1797 1118 de
1856 1071 1980 1135 quo
2038 1052 2423 1118 sententiam
2488 1057 2771 1118 nostram
2830 1052 3020 1117 modo
3077 1049 3492 1133 protulimuS‚
3554 1049 3751 1116 semel
3814 1049 4179 1114 nominatur

599 1173 988 1252 Scaurus,
1032 1178 1104 1236 ut
1149 1176 1372 1237 auctor
1413 1173 1678 1236 alterius
1725 1172 2111 1239 definitionis
2155 1174 2621 1256 hypozeuxeos
2708 1171 2883 1252 apud
2926 1170 3247 1236 Donatum
3293 1188 3443 1234 vero
3489 1176 3556 1235 et
3594 1169 3767 1252 apud
3814 1169 4173 1235 Charisium

599 1293 1138 1373 Sacerdotemque
1181 1290 1416 1355 nullius
1466 1294 1702 1356 mentio
1744 1289 1819 1355 fit
1849 1291 2146 1356 auctoris.
2237 1297 2430 1373 atque
2464 1291 2704 1357 Scauro
2738 1288 2984 1354 Keilius
3016 1291 3272 1372 quidem
3304 1293 3492 1370 putat
3522 1288 3659 1372 (Gr.
3706 1289 3818 1353 lat.
3853 1289 3902 1368 I,
3949 1307 4010 1370 p.
4040 1289 4177 1370 LI),

598 1430 740 1477 cum
803 1409 1155 1476 definitioni
1216 1409 1660 1491 hypozeuxeos
1707 1430 1784 1475 ex
1829 1427 1904 1474 eo
1967 1415 2264 1492 sumptae
2321 1411 2491 1492 apud
2540 1410 2907 1476 Diomedem
2972 1409 3176 1474 altera
3235 1407 3519 1474 eiusdem
3578 1407 3821 1489 figurae
3882 1406 4167 1472 definitio

599 1530 980 1613 praecedat,
1021 1529 1088 1592 in
1130 1527 1391 1610 reliquis
1437 1546 1686 1610 quoque
1731 1529 2192 1610 schematibus,
2237 1547 2402 1611 quae
2449 1529 2787 1610 dupliciter
2833 1527 3097 1593 definita
3142 1528 3309 1607 sint,
3352 1529 3695 1592 alteram
3742 1525 4175 1592 definitionem

599 1646 1017 1731 probabiliter
1073 1665 1216 1713 esse
1273 1648 1694 1714 tribuendam.
1797 1667 1961 1730 quae
2021 1649 2413 1723 coniectura,
2479 1647 2732 1713 etiamsi
2790 1646 3224 1729 adstipuletur
3283 1645 3853 1712 Schottmuellerus
3900 1646 3939 1710 l.
3985 1644 4029 1710 l.
4076 1647 4178 1726 14,

603 1786 719 1849 per
763 1785 836 1832 se
877 1765 1032 1832 nihil
1076 1765 1250 1831 aliud
1296 1773 1398 1831 est
1442 1766 1566 1831 nisi
1611 1767 1977 1832 coniectura
2020 1785 2186 1848 quae
2230 1767 2488 1848 probari
2532 1767 2768 1848 nequit.
2873 1771 2939 1831 et
2984 1766 3041 1830 si
3084 1767 3331 1832 Keilius
3385 1760 3673 1832 ‘alteram
3719 1760 4170 1832 definitionem’

605 1903 744 1951 eam
785 1885 1118 1966 intellegit,
1160 1903 1326 1966 quae
1370 1886 1543 1966 apud
1581 1885 1956 1951 Diomedem
2001 1905 2127 1952 non
2173 1886 2235 1950 in
2280 1887 2493 1969 priore
2538 1887 2654 1950 sed
2698 1885 2761 1951 in
2808 1885 3010 1951 altero
3055 1885 3271 1968 posita
3316 1892 3418 1951 est
3459 1885 3620 1966 loce,
3667 1890 3803 1949 tum
3849 1884 4177 1950 sententia

606 2006 739 2070 eius
783 2014 958 2070 stare
1002 2023 1128 2070 non
1173 2010 1420 2085 potest,
1466 2023 1607 2069 cum
1653 2005 1996 2071 Diomedes
2040 2007 2106 2070 in
2151 2004 2583 2070 exscribendis
2631 2005 2765 2070 suis
2810 2004 3175 2071 auctoribus
3222 2023 3623 2087 nequaquam
3670 2023 3925 2085 semper
3984 2021 4177 2067 unum

603 2125 1000 2207 eundemque
1061 2123 1496 2189 observaverit
1554 2124 1856 2189 ordinem.
1959 2124 2151 2190 immo
2213 2124 2340 2189 alia
2392 2124 2933 2207 progrediendum
2994 2131 3095 2190 est
3148 2125 3413 2189 ratione.
3516 2125 3791 2189 vidimus
3849 2141 4041 2187 unum
4100 2140 4179 2186 ex

599 2243 928 2308 Diomedis
973 2243 1339 2308 auctoribus
1387 2243 1659 2307 eundem
1707 2261 1870 2324 esse,
1916 2261 2104 2325 quem
2151 2250 2411 2308 secutus
2459 2249 2560 2310 est
2602 2243 2913 2308 Donatus.
3001 2262 3141 2309 cum
3183 2262 3334 2308 vero
3364 2243 3655 2308 Donatus
3701 2242 3766 2307 in
3813 2240 4176 2314 definienda

596 2361 956 2444 hypozeuxi
1001 2379 1138 2426 cum
1187 2362 1444 2442 Scauro,
1489 2362 1666 2426 cuius
1711 2363 2096 2427 mentionem
2141 2362 2280 2443 ipse
2323 2382 2447 2428 non
2492 2362 2665 2444 facit,
2708 2364 2789 2428 ad
2838 2363 3101 2428 verbum
3149 2364 3527 2442 consentiat,
3570 2363 3811 2444 optimo
3858 2365 3994 2426 iure
4042 2365 4174 2426 sta-

599 2487 781 2546 tuere
843 2498 1186 2572 possumus
1251 2480 1666 2546 Diomedis
1731 2487 1804 2544 et
1866 2481 2163 2546 Donati
2225 2487 2643 2548 auctorem
2688 2499 3163 2548 communem
3206 2481 3461 2547 fuisse
3519 2482 3923 2576 Scaurum.
4012 2500 4177 2563 quae

603 2600 924 2666 sententia
966 2599 1256 2664 firmatur
1297 2619 1374 2664 ea
1405 2619 1495 2679 re,
1539 2600 1708 2681 quod
1754 2619 1918 2681 quae
1959 2602 2024 2664 in
2055 2599 2378 2666 codicibus
2417 2599 2745 2666 Diomedis
2782 2600 3001 2667 Scauri
3036 2601 3388 2666 definitioni
3422 2602 3868 2683 hypozeuxeos
3914 2605 4006 2682 (p.
4030 2602 4176 2680 444,

599 2719 712 2802 30)
759 2720 1006 2784 adnexa
1050 2724 1168 2798 est,
1212 2719 1509 2783 lemmate
1551 2713 1652 2782 ‘de
1697 2715 1979 2800 syllepsi’
2031 2719 2286 2798 omiSSO,
2333 2719 2690 2801 syllepseos
2738 2719 3171 2804 definitio⁶⁷),
3217 2739 3295 2784 ea
3336 2720 3556 2785 itidem
3589 2720 3671 2785 ad
3704 2719 3965 2784 verbum
4002 2719 4173 2799 apud

599 2837 918 2902 Donatum
965 2836 1150 2902 redit.
1235 2838 1537 2903 lemmata
1580 2837 1774 2918 igitur
1818 2837 2070 2904 videtur
2114 2837 2392 2904 Scaurus
2452 2838 2925 2904 definitionibus
2986 2859 3109 2904 non
3170 2839 3650 2921 praeposuisse,
3708 2839 3879 2920 quod
3942 2837 4179 2919 optime

600 2957 895 3022 convenit
940 2956 1477 3039 argumentationi
1524 2975 1738 3039 meae,
1799 2975 1939 3022 cum
1985 2959 2158 3039 apud
2203 2958 2526 3023 Donatum
2571 2977 2821 3041 quoque
2865 2958 3043 3024 nulla
3087 2963 3339 3024 exstent
3397 2958 3728 3039 lemmata,
3780 2976 3907 3022 non
3966 2957 4171 3020 solum

597 3076 661 3142 in
709 3075 918 3157 capite
963 3076 1044 3141 de
1087 3075 1537 3155 schematibuS,
1581 3076 1697 3140 sed
1741 3077 1934 3140 etiam
1982 3077 2044 3140 in
2077 3077 2392 3158 capitibus
2439 3077 2520 3140 de
2564 3077 3023 3158 metaplasmus,
3067 3077 3288 3160 tropiS,
3332 3076 3505 3142 vitiis
3537 3076 3861 3142 orationis,
3952 3081 4175 3140 contra

599 3195 774 3276 apud
818 3194 1188 3259 Diomedem
1233 3202 1302 3259 et
1345 3193 1754 3260 Sacerdotem
1799 3193 2059 3276 ubique,
2125 3197 2298 3276 apud
2342 3194 2705 3261 Charisium
2757 3195 2821 3260 in
2867 3197 3224 3262 tractandis
3286 3195 3458 3262 vitiis
3505 3195 3814 3262 orationis
3860 3200 3926 3260 et
3968 3195 4173 3277 tropis

599 3313 907 3379 lemmata
949 3312 1358 3394 adhibentur,
1405 3314 1544 3378 sine
1587 3311 1779 3376 dubio
1824 3313 1969 3378 ideo
2015 3316 2187 3395 quod
2227 3314 2292 3379 in
2337 3314 2515 3379 fonte
2557 3314 2763 3380 tribus
2809 3315 2909 3380 his
2954 3315 3387 3398 grammaticis
3448 3316 3763 3380 communi
3808 3334 3885 3380 ea
3936 3314 4175 3396 reperi-

601 3432 891 3499 ebantur.
997 3433 1245 3499 accedit
1288 3432 1493 3498 forma
1537 3431 1896 3497 definiendi.
2008 3450 2155 3497 nam
2200 3439 2272 3498 ut
2316 3453 2356 3498 a
2413 3434 2655 3499 Scauro
2716 3433 3103 3516 hypozeuxis
3172 3433 3381 3500 verbis
3440 3428 3777 3516 ‘superiori
3835 3429 4173 3499 contraria'

603 3551 918 3633 zeugmati
962 3551 1336 3633 opponitur,
1379 3553 1473 3617 ita
1517 3569 1556 3616 a
1599 3551 1836 3616 Donati
1879 3551 2334 3637 Diomedisque
2395 3559 2653 3617 auctore
2696 3553 3012 3618 communi
3072 3571 3268 3635 saepe
3326 3553 3617 3635 singulae
3677 3553 3919 3634 figurae
3979 3570 4176 3634 oppo-

604 3670 993 3754 nuntur58),
1038 3688 1354 3752 nusquam
1398 3670 1570 3752 apud
1601 3669 1974 3736 charisium.
2063 3671 2340 3752 denique
2373 3671 2695 3737 Donatum
2742 3681 3031 3738 secutum
3062 3690 3210 3739 esse
3240 3673 3545 3738 Scaurum
3591 3677 3915 3754 tamquam
3949 3672 4175 3750 ducem

602 3788 786 3871 quasi
829 3789 1088 3856 disertis
1132 3789 1343 3854 verbis
1387 3788 1642 3854 videtur
1685 3789 1910 3854 testari
1954 3789 2216 3872 Sergius
2262 3789 2455 3874 (expl.
2500 3791 2565 3855 in
2608 3790 2845 3872 Donat,
2880 3791 3027 3872 552,
3072 3792 3209 3877 31):
3266 3785 3572 3874 ‘plerique
3629 3793 3863 3856 docent
3917 3796 3984 3857 et
4028 3809 4174 3858 con-

598 3907 931 3973 nexionem
985 3926 1130 3973 esse
1184 3907 1249 3971 in
1305 3907 1729 3973 declinatione
1780 3906 2146 3988 verborum,
2203 3926 2392 3990 quam
2440 3909 2810 3976 Donatus
2856 3909 3031 3977 siluit
3090 3911 3222 3977 vel
3268 3905 3667 3978 Scaurus'.
3774 3915 3969 3991 atque
4031 3911 4175 3977 aliis

855 4167 958 4243 57)
1006 4167 1151 4227 haee
1193 4166 1462 4226 definitio
1507 4185 1542 4224 a
1584 4163 1782 4226 Keilio
1826 4165 1978 4225 male
2022 4167 2382 4244 transposita
2427 4175 2544 4242 est,
2590 4187 2754 4242 cum,
2800 4174 2868 4228 ut
2909 4190 3004 4229 me
3046 4174 3248 4229 monet
3287 4169 3717 4245 Kiesslingius,
3760 4169 3825 4228 in
3873 4169 4175 4228 codicibus

603 4269 850 4328 duarum
909 4269 1228 4345 figurarum
1285 4268 1712 4346 explicationes
1765 4269 1874 4326 sub
1931 4287 2049 4328 uno
2104 4269 2378 4329 lemmate
2438 4270 2787 4331 coniunctae
2832 4271 2955 4331 sint
2996 4291 3115 4331 non
3160 4271 3337 4349 culpa
3375 4270 3606 4330 librarii
3651 4272 3755 4331 sed
3798 4271 4178 4347 neglegentia

559 4369 925 4430 .-Diomedia

864 4473 971 4551 58)
1013 4480 1083 4532 ut
1124 4474 1283 4550 apud
1325 4471 1522 4532 Diom.
1570 4475 1711 4546 441,
1760 4477 1836 4530 23
1882 4497 1970 4522 =
2011 4472 2228 4534 Donat.
2278 4479 2420 4548 396,
2467 4480 2522 4534 8.

1567 4579 1710 4647 441,
1755 4574 1833 4632 27
1879 4601 1967 4626 --
2092 4621 2130 4649 „
2315 4610 2418 4650 -—‚
2472 4583 2566 4636 10.

1605 4709 1708 4750 ——‚
1754 4681 1833 4735 32
1876 4703 1966 4728 -··-···-
2095 4724 2129 4752 „
2316 4712 2419 4752 -,
2468 4683 2565 4739 12.

1565 4783 1708 4851 442,
1757 4783 1790 4836 5
1877 4805 1964 4830 =
2091 4825 2126 4856 „
2313 4815 2417 4855 —,
2471 4786 2563 4841 16.

1605 4881 1714 4955 -,’
1755 4886 1830 4941 21
2093 4926 2130 4957 ,,
2317 4917 2419 4958 -,
2464 4889 2563 4943 22.

1572 4987 1713 5057 448,
1757 4989 1794 5044 6
1882 5011 1970 5037 ==
2097 5030 2131 5059 „
2278 4991 2420 5061 399,
2469 4991 2521 5046 a.
