4817 5934
2116 636 2419 705 —-11
2526 671 2631 684 -...

712 850 771 913 p.
805 830 950 910 392,
983 828 1251 909 1-395,
1292 830 1372 897 10
1459 827 1536 895 cf.
1581 827 1821 895 Charis.
1854 829 1998 911 226,
2032 831 2346 914 11—229,
2377 833 2419 898 2
2466 837 2532 896 et
2575 831 2826 898 Dosith.
2868 831 3014 912 418,
3046 831 3363 916 23—422,
3396 835 3455 900 6.

712 969 773 1032 p.
801 947 948 1029 435,
979 947 1294 1027 22--436‚
1326 948 1364 1012 8
1453 948 1530 1012 cf.
1689 997 1722 1028 „
1857 950 1955 1027 16,
1985 949 2216 1015 5-23.

710 1089 767 1151 p.
799 1069 946 1148 411,
979 1067 1293 1146 14—415,
1327 1066 1400 1130 11
1453 1065 1526 1131 cf.
1573 1065 1822 1132 Dosith.
1853 1069 2002 1148 414,
2035 1069 2346 1148 16-417,
2378 1069 2481 1136 20.

708 1207 770 1269 p.
802 1188 947 1265 417,
977 1185 1253 1263 2-418,
1282 1185 1366 1249 32
1455 1184 1528 1249 cf.
1687 1236 1725 1266 ‚,
1851 1186 1996 1265 422,
2031 1189 2304 1268 7-424,
2332 1189 2392 1253 4.

836 1304 1084 1370 Deinde
1127 1304 1494 1369 Diomedem
1543 1303 1958 1386 complurium
2006 1307 2563 1388 grammaticorum
2614 1307 3103 1374 commentarios
3158 1307 3229 1372 in
3272 1326 3467 1372 unum
3512 1307 3699 1389 quasi
3742 1323 3974 1389 corpus
4019 1325 4171 1372 con·-

579 1425 777 1492 fiasse
819 1441 1044 1506 neque,
1087 1429 1161 1487 ut
1203 1422 1562 1503 Charisius,
1608 1409 1912 1505 deinceps
1960 1442 2071 1489 eos
2117 1425 2540 1506 exscripsisse
2583 1426 3091 1492 luculentissime
3132 1430 3314 1508 patet
3358 1445 3437 1490 ex
3478 1427 3559 1492 iis
3604 1443 3768 1507 quae
3810 1445 3871 1508 p.
3900 1425 4050 1506 415,
4083 1427 4165 1492 12

537 1519 814 1624 '-416,
857 1547 934 1610 31
985 1544 1066 1607 de
1111 1541 1552 1608 coniunctione
1613 1533 2080 1624 disputantur,
2117 1545 2225 1608 ubi
2282 1551 2543 1625 praeter
2600 1563 2810 1627 pauca
2862 1545 3122 1612 aliunde
3180 1543 3433 1610 adscita
3488 1544 3835 1627 praecipue
3894 1545 4165 1610 duorum

582 1669 912 1728 auctorum
959 1661 1234 1742 vestigia
1276 1663 1621 1742 perspicua
1662 1661 1947 1742 elucent,
1992 1681 2152 1745 quos
2201 1663 2504 1745 deinceps
2551 1662 2881 1730 Charisius
2928 1661 3271 1744 exscripsit
3314 1662 3402 1746 (p.
3436 1663 3581 1744 224,
3612 1664 3699 1730 24
3730 1681 3865 1746 sqq.
3911 1669 3978 1730 et
4018 1665 4165 1745 225,

577 1782 624 1846 5
653 1781 840 1865 sqq).
928 1781 1098 1862 quod
1143 1780 1461 1862 quomodo
1508 1798 1580 1846 se
1622 1780 1894 1862 habeat,
1939 1800 2063 1863 quo
2107 1781 2357 1846 facilius
2401 1781 2841 1863 intellegatur,
2887 1780 3361 1862 disputationes
3408 1781 3737 1847 Diomedis
3782 1787 3850 1846 et
3890 1782 4162 1847 duorum

583 1899 853 1966 Charisii
899 1905 1250 1980 auctorum,
1295 1917 1562 1980 quorum
1605 1901 1783 1982 prior
1827 1908 1927 1966 est
1972 1900 2523 1982 Cominianus²⁰)‚
2570 1900 2735 1966 alter
2777 1899 3125 1966 Palaemon
3150 1903 3273 1980 ²¹),
3316 1917 3709 1983 componam.

607 2091 928 2150 Palaemon
972 2090 1224 2169 (Charis,
1259 2094 1400 2163 225,
1437 2095 1470 2148 5
1497 2090 1684 2170 sqq.):
1872 2091 2189 2150 Diomedes
2235 2097 2378 2166 415,
2414 2096 2721 2164 12-416,
2758 2097 2868 2150 31:
3038 2089 3421 2150 Geminianus
3458 2091 3653 2168 (Char.
3689 2089 3829 2165 224,
3865 2097 3943 2150 24
3973 2094 4161 2172 sqq.):

1893 2227 2245 2288 Coniunctio
2309 2234 2400 2286 est
2456 2247 2593 2303 pars
2648 2227 2934 2286 orationis

1807 2327 2245 2389 indeclinabilis
2279 2330 2565 2406 copulans
2602 2347 2933 2387 sermonem

1808 2438 1870 2489 et
1931 2432 2296 2506 coniungens
2353 2431 2480 2492 vim
2542 2437 2603 2489 et
2666 2431 2932 2489 ordinem

1807 2533 2065 2609 partium
2133 2530 2561 2608 orationisw).
2651 2551 2787 2591 nam
2855 2533 2930 2590 ob

1808 2635 1922 2694 hoc
1951 2637 2170 2694 meruit
2201 2655 2435 2707 nomen,
2483 2635 2627 2715 quia
2660 2655 2767 2712 pro
2798 2634 2930 2693 vin-

1809 2737 1938 2797 culo
1968 2738 2374 2814 interponitur
2407 2738 2685 2796 orationi.
2764 2737 2929 2794 laxa·

1807 2849 1931 2900 tum
1973 2841 2131 2898 enim
2169 2847 2230 2899 et
2272 2840 2550 2898 diffusum
2598 2857 2928 2898 sermonem

1805 2962 1968 3003 more
1999 2949 2241 3002 catenae
2270 2942 2625 3017 interposita
2647 2940 2927 3000 devincit.

577 3042 981 3103 Palaemon
1040 3050 1280 3102 autem
1339 3044 1448 3103 ita
1508 3045 1700 3104 defi·
1807 3043 2208 3103 Palaemon
2254 3063 2408 3101 eam
2454 3044 2566 3102 ita
2609 3043 2927 3102 definit:

576 3146 694 3206 nit
723 3142 1183 3229 (coniunctio
1208 3151 1316 3204 est
1343 3165 1513 3221 pars
1546 3167 1700 3206 ora·
1806 3145 2254 3204 coniunctio
2293 3151 2408 3203 est
2438 3164 2607 3220 pars
2645 3145 2929 3205 oratio-
3034 3146 3385 3208 Coniunctio
3430 3154 3523 3207 est
3564 3167 3702 3226 pars
3740 3150 4025 3210 orationis
4057 3169 4161 3210 ne-

575 3248 820 3308 tionis
863 3253 1270 3308 conectens
1317 3249 1701 3308 ordinans·
1807 3245 1925 3304 nis
1968 3253 2383 3305 conectens
2429 3247 2928 3327 ordinansque
3034 3253 3201 3310 otens
3247 3249 3643 3329 ordinansque
3688 3250 4062 3311 sententiam.

575 3370 722 3430 que
796 3345 1436 3434 s·ententiam>²2).
1527 3371 1700 3410 con·
1807 3348 2268 3408 sententiam.
2317 3347 2927 3407 coniunctionum

575 3452 1042 3511 iunctionum
1105 3453 1465 3532 quaedam
1525 3459 1706 3513 sunt
1807 3450 2158 3530 quaedam
2205 3455 2388 3509 sunt
2431 3449 2927 3526 principales,

576 3554 1085 3630 principales,
1174 3553 1369 3612 aliae
1442 3555 1701 3614 subse·
1805 3553 2002 3611 aliae
2075 3551 2661 3632 subsequentes,
2736 3552 2929 3611 aliae

580 3662 922 3735 quentes,
957 3656 1156 3714 aliae
1186 3656 1501 3726 mediae,
1539 3658 1701 3736 qui-
1805 3654 2113 3725 mediae,
2204 3655 2477 3734 quibus
2563 3653 2932 3715 utralibet

577 3757 711 3816 bus
755 3756 1136 3816 utralibet
1177 3765 1390 3833 parte
1430 3758 1702 3835 positis
1804 3765 2015 3834 parte
2047 3756 2323 3831 positis
2354 3756 2733 3815 sinevitio
2765 3775 2927 3814 con—

576 3859 739 3918 sine
774 3859 969 3919 vitio
1015 3859 1504 3934 coniungitur
1538 3879 1699 3919 ora·
1805 3858 2145 3932 iungitur
2190 3840 2453 3919 oratio,
2542 3858 2931 3935 principa·
3039 3900 3047 3908 ⁸

575 3963 698 4021 tio.
787 3959 1247 4038 principalis
1289 3959 1539 4036 igitur
1582 3968 1702 4022 est
1803 3961 1904 4019 lis
1949 3965 2067 4020 est
2111 3961 2551 4020 coniunctio
2596 3952 2804 4034 ‘sed’,
2850 3967 2931 4021 ut

575 4062 1010 4124 coniunctio
1039 4051 1252 4136 ‘sed’,
1295 4063 1523 4156 velut·
1551 4052 1698 4121 ‘sed
1805 4063 2038 4140 (Verg.
2071 4065 2144 4122 A.
2179 4068 2241 4136 6,
2276 4063 2459 4139 531);
2501 4054 2662 4122 ‘sed
2708 4071 2779 4122 te
2820 4110 2833 4123 .
2866 4111 2878 4122 .
2914 4109 2927 4122 .

837 4301 943 4379 20)
990 4300 1063 4360 cf.
1110 4301 1332 4359 Charis.
1379 4305 1521 4372 224,
1570 4305 1678 4360 24:
1721 4290 1831 4360 ‘De
1875 4302 2311 4375 coniunctione,
2356 4305 2426 4360 ut
2466 4302 2553 4360 ait
2596 4295 3021 4363 Cominianus.'

840 4404 945 4482 21)
992 4403 1065 4464 cf.
1111 4403 1335 4462 Charis.
1385 4409 1525 4477 225,
1567 4407 1631 4463 5:
1673 4395 2011 4465 ‘Palaemon
2054 4403 2142 4464 ita
2185 4394 2427 4464 definit’.
2488 4405 2647 4484 quod
2681 4403 3056 4466 Palaemonis
3098 4405 3400 4466 doctrinae
3442 4405 3733 4464 nonnulla
3774 4406 3974 4466 addita
4015 4414 4156 4468 sunt

582 4506 873 4578 Pliniana,
920 4507 990 4564 de
1034 4508 1146 4566 hae
1188 4524 1252 4564 re
1297 4511 1506 4565 contra
1545 4505 1830 4565 Schottm.
1876 4525 2081 4567 verum
2127 4507 2328 4566 docuit
2359 4507 2753 4567 Morawskius
2798 4507 3026 4584 (Herm.
3058 4507 3171 4581 XI,
3203 4507 3371 4586 352),
3416 4509 3570 4566 sieut
3613 4513 3675 4567 et
3718 4507 3872 4567 Keil.
3920 4509 4018 4568 Gr.
4050 4509 4151 4570 lat.

581 4611 663 4683 V,
713 4613 851 4666 334.
940 4609 1154 4667 Christ.
1211 4608 1504 4682 Philolog.
1563 4607 1812 4681 XVIII,
1869 4614 1984 4667 120
2018 4630 2148 4690 sqq.
2238 4610 2567 4668 Brambach
2627 4609 2905 4685 Orthogr.
2965 4629 3022 4686 p.
3058 4614 3161 4669 29.
3247 4611 3393 4670 Birt.
3452 4610 3518 4668 in
3573 4607 3727 4669 Mus.
3774 4611 3967 4669 Rhen.
4013 4631 4071 4669 n.
4105 4633 4150 4671 s.

576 4713 695 4773 vol.
730 4715 826 4783 34,
873 4729 930 4785 p.
965 4711 1073 4780 25;
1117 4710 1238 4769 alii.

835 4811 942 4888 22)
984 4810 1132 4870 haee
1175 4811 1443 4872 definitio
1487 4832 1523 4871 a
1565 4814 1670 4873 ch.
1717 4815 1935 4875 omissa
1975 4822 2082 4889 est,
2129 4816 2287 4895 quod
2329 4813 2509 4890 paulo
2554 4818 2691 4872 ante
2735 4812 2904 4889 (224,
2938 4813 3047 4890 24)
3091 4815 3338 4872 eandem
3380 4813 3712 4890 protulerat
3752 4819 3993 4876 auctore
4038 4817 4154 4876 C'o-

574 4915 855 4974 miniano.
944 4912 1018 4972 cf.
1062 4917 1123 4972 et
1165 4913 1412 4993 Dionys.
1459 4915 1598 4974 Thr.
1643 4936 1700 4993 p.
1736 4922 1877 4990 642,
1909 4921 1989 4975 22
2035 4923 2098 4977 et
2140 4917 2535 4977 Schoemanni
2576 4907 2706 4974 ‘Die
2750 4916 2947 4976 L'ehre
2988 4917 3145 5000 v.·d.
3190 4908 3455 4978 Redeth?
3504 4935 3562 4994 p.
3598 4922 3740 4976 212.

827 5015 932 5094 23)
979 5014 1052 5074 cf.
1097 5014 1569 5076 Schoemannum
1611 5017 1651 5078 l.
1684 5019 1720 5076 l.
1769 5039 1830 5096 p.
1864 5024 1985 5078 213
2033 5025 2096 5081 et
2137 5020 2349 5080 Christ.
2396 5019 2505 5081 1.1.
2551 5039 2612 5095 p.
2654 5023 2766 5076 129
2800 5039 2888 5098 sq.

3434 5115 3533 5179 2*
