4817 5934
2181 624 2698 696 —30-

2233 1055 2441 1182 Gap.
2502 1057 2634 1152 lv.

907 1293 1280 1360 Diomedem
1325 1293 1391 1360 in
1437 1295 1641 1361 altero
1686 1314 1938 1379 quoque
1980 1295 2190 1378 capite
2235 1298 2326 1380 (p.
2360 1297 2509 1378 443,
2552 1297 2595 1362 5
2631 1297 2797 1383 sqq.)

2033 1409 2178 1480 ‘De
2223 1413 2831 1482 schematibus’

653 1555 732 1600 ex
775 1533 1060 1599 fontibus
1105 1531 1395 1614 pluribus
1439 1531 1738 1600 hausisse
1783 1539 1848 1598 et
1890 1533 2032 1615 ipse
2085 1533 2358 1616 indicat,
2418 1553 2559 1600 cum
2604 1552 2803 1617 saepe
2847 1534 3011 1600 duas
3057 1535 3161 1600 vel
3205 1541 3341 1600 tres
3386 1535 3671 1602 eiusdem
3715 1535 3961 1620 figurae
4006 1537 4229 1604 defini-

647 1653 859 1719 tiones
904 1657 1252 1735 proponat,
1311 1657 1377 1717 et
1421 1651 1566 1716 aliis
1609 1650 1983 1734 quibuscum
2029 1651 2088 1718 ei
2133 1654 2429 1732 cognatio
2474 1654 2789 1735 quaedam
2845 1653 3189 1720 intercedit
3230 1654 3666 1736 grammaticis
3720 1655 3976 1722 collatis
4021 1641 4227 1740 'plane

644 1777 864 1856 potest
904 1771 1345 1838 demonstrari.
1446 1789 1592 1836 nam
1637 1769 1740 1838 hic
1784 1788 2035 1853 quoque
2077 1772 2398 1837 Donatum
2416 1823 2432 1853 ,
2475 1771 2863 1854 charisium,
2908 1772 3320 1839 Sacerdotem
3364 1772 3688 1840 artissimo
3732 1791 3872 1840 cum
3918 1776 4227 1844 Diomede

648 1890 1048 1974 cognationis
1095 1889 1405 1956 contineri
1451 1887 1702 1954 vinculo
1745 1888 1932 1955 facile
1977 1890 2224 1971 patebit
2269 1910 2348 1956 ex
2391 1889 2647 1972 tabula,
2690 1893 2757 1958 in
2803 1909 2931 1975 qua
2976 1911 3117 1958 cum
3157 1890 3465 1957 Diomede
3510 1893 3839 1975 composui
3880 1913 4047 1976 quae
4088 1903 4225 1963 tres

641 2010 736 2075 illi
781 2009 1136 2091 artigraphi
1177 2008 1259 2074 de
1302 2007 1734 2073 schematibus
1781 2007 2117 2090 disputant
2139 2011 2265 2090 ⁵⁰).
2353 2015 2547 2091 atque
2592 2011 2648 2075 si
2691 2011 2776 2076 ad
2831 2009 3233 2076 definitiones
3278 2010 3557 2075 animum
3603 2013 3933 2092 attendeS‚
3976 2014 4225 2082 videbis

645 2128 928 2211 reliquos
972 2146 1088 2210 pro
1134 2127 1292 2192 artis
1339 2127 1664 2193 succincta
1706 2127 2024 2193 brevitate
2063 2129 2129 2193 in
2176 2147 2305 2193 una
2365 2129 2673 2211 cuiusque
2729 2128 2976 2212 figurae
3038 2127 3406 2195 definitione
3450 2148 3523 2196 se
3582 2130 3969 2198 continuisse
3987 2182 4003 2214 ,
4073 2132 4225 2199 Dio-

643 2248 892 2314 medem
938 2246 1311 2328 plerumque
1355 2244 1540 2312 binas
1584 2244 1684 2311 vel
1714 2245 1932 2329 plures
1962 2246 2469 2328 contaminasse,
2512 2249 2707 2322 itaut
2736 2248 2797 2314 ei
2826 2248 3017 2312 modo
3048 2267 3190 2314 cum
3222 2249 3495 2330 Donato,
3539 2250 3729 2314 modo
3762 2255 3905 2316 cum
3934 2251 4223 2319 charisio

649 2367 1122 2448 sacerdoteque
1166 2365 1518 2430 conveniat.
1605 2365 1752 2430 hinc
1794 2365 1992 2448 igitur
2031 2365 2100 2430 in
2145 2367 2445 2432 eruendis
2491 2366 2821 2432 Diomedis
2865 2367 3149 2434 fontibus
3192 2366 3723 2450 proficiscendum
3770 2374 3885 2436 est.

903 2485 1091 2563 Quod
1137 2484 1302 2548 enim
1346 2483 1692 2549 Diomedes
1739 2502 1906 2550 nunc
1951 2503 2090 2550 cum
2136 2484 2388 2550 Donato
2434 2503 2603 2550 nnnc
2662 2505 2803 2552 cum
2848 2485 3137 2552 charisio
3198 2487 3519 2552 consentit
3542 2487 3679 2574 ⁶¹),
3734 2489 4025 2571 sequitur
4080 2508 4231 2557 eum·

647 2605 830 2671 libris
875 2621 1061 2670 usum
1107 2621 1253 2668 esse
1298 2603 1581 2684 duobuS,
1624 2622 1817 2685 quos,
1877 2621 2017 2669 cum
2063 2621 2191 2669 non
2233 2604 2471 2669 fuerint
2513 2604 2751 2670 Donati
2796 2605 3193 2688 charisiique
3232 2600 3486 2686 ‘artes’,
3546 2607 3757 2672 nullos
3819 2607 3981 2674 alios
4022 2607 4225 2677 fuisse

652 2725 777 2792 nisi
836 2741 1102 2807 quorum
1165 2722 1329 2787 alter
1373 2721 1626 2787 Donato
1649 2771 1666 2799 ,
1729 2723 1892 2788 alter
1937 2721 2226 2788 charisio
2284 2729 2545 2802 praesto
2606 2721 2753 2804 fuit,
2813 2728 3090 2789 testatur
3134 2730 3471 2790 accuratus
3518 2744 3659 2791 cum
3704 2725 3807 2791 his
3851 2744 4223 2795 consensus,

649 2852 843 2928 atque
885 2845 1043 2908 haec
1087 2841 1438 2922 sententia,
1500 2840 1789 2906 Diomedi
1851 2841 2014 2906 duos
2073 2845 2224 2906 ante
2283 2841 2501 2905 oculos
2557 2841 2758 2907 fuisse
2799 2842 3044 2924 fonteS‚
3105 2859 3182 2908 eo
3226 2841 3585 2925 stabilitur,
3645 2846 3815 2928 quod
3860 2849 4034 2929 apud
4080 2867 4224 2915 eum

650 2969 814 3033 duas
871 2964 1112 3028 formas
1165 2959 1506 3027 definiendi
1559 2960 1818 3026 easdem
1863 2976 1938 3024 ac
1983 2977 2181 3041 supra
2237 2960 2620 3042 reperimuS‚
2683 2979 2951 3043 quarum
3011 2947 3218 3028 altera
3273 2961 3340 3028 in
3399 2962 3479 3028 iis
3544 2982 3709 3047 quae
3767 2983 3909 3030 cum
3969 2967 4220 3034 Donato

651 3084 1026 3166 conspirant
1084 3077 1558 3144 definitionibus
1601 3079 1906 3159 occurrit,
1967 3078 2174 3144 altera
2218 3080 2443 3144 eadem
2488 3086 2620 3161 est,
2679 3099 2843 3163 quae
2888 3081 3061 3162 apud
3107 3081 3466 3148 charisium
3512 3081 4046 3184 Sacerdptemque
4088 3085 4220 3164 ple-

653 3221 919 3285 rumque
964 3197 1251 3265 adhibita
1296 3202 1414 3263 est.
1499 3197 1607 3279 (cf.
1650 3214 1848 3279 supra
1890 3217 1951 3278 p.
1987 3197 2067 3264 16
2098 3198 2264 3283 sqq.)

905 3313 1061 3382 Cum
1106 3335 1257 3382 vero
1303 3315 1747 3382 nonnullarum
1793 3316 2122 3383 Diomedis
2179 3316 2617 3384 definitionum
2673 3318 2965 3402 singulae
3022 3325 3243 3402 partes
3287 3319 3388 3384 vel
3452 3319 3707 3400 singula
3748 3317 3943 3382 verba
3984 3316 4217 3398 partim

913 3538 1020 3617 50)
1064 3541 1137 3599 cf.
1183 3540 1358 3600 infra.
1445 3541 1778 3602 Sacerdotis
1823 3546 2134 3602 tractatum
2177 3561 2296 3602 non
2343 3548 2534 3603 totum
2592 3542 2881 3619 exscripsi
2934 3544 3036 3601 sed
3082 3561 3151 3600 ea
3194 3546 3452 3613 tantum,
3498 3539 3713 3619 quibus
3756 3541 3995 3599 eaedem
4040 3547 4220 3620 atque

653 3643 811 3718 apud
874 3640 1222 3700 Diomedem
1289 3642 1663 3719 explicantur
1727 3643 1982 3719 figurae,
2049 3644 2248 3720 recepi
2310 3645 2375 3704 in
2442 3644 2720 3703 tabulam.
2770 3677 2851 3687 —
2922 3645 2996 3702 de
3057 3641 3394 3714 Diomedis,
3462 3639 3743 3714 Charisii,
3801 3641 4022 3702 Donati
4083 3662 4219 3702 con-

653 3762 829 3802 sensu
873 3743 936 3802 in
983 3743 1328 3804 universum
1372 3744 1530 3804 idem
1575 3745 1895 3805 dicendum
1937 3751 2043 3819 est,
2089 3747 2242 3825 quod
2289 3748 2362 3806 de
2391 3745 2673 3823 primario
2716 3747 2883 3805 fonte
2915 3764 3123 3821 graeco
3152 3751 3215 3804 et
3241 3745 3314 3803 de
3346 3743 3731 3803 Palaemones
3762 3764 3912 3822 upra
3945 3765 4003 3822 p.
4033 3745 4107 3804 17
4133 3764 4221 3824 sq.

652 3845 1022 3923 protulimus.
1112 3848 1271 3925 quod
1311 3865 1454 3906 vero
1499 3849 1656 3924 apud
1699 3848 1994 3908 Donatum
2039 3849 2336 3908 schemata
2377 3850 2581 3908 decem
2624 3853 2686 3908 et
2727 3853 2953 3924 septem
2971 3893 2986 3920 ,
3031 3849 3189 3924 apud
3222 3846 3553 3906 charisium
3594 3847 4067 3923 duodevinginti,
4110 3867 4221 3906 un-

653 3947 948 4023 deviginti
992 3950 1150 4025 apud
1195 3948 1539 4007 Diomedem
1585 3956 1943 4024 tractantur,
1989 3949 2245 4026 primum
2289 3950 2529 4030 quidem
2574 3957 2635 4010 et
2676 3953 2833 4027 apud
2864 3951 2966 4008 Ch.
3000 3957 3061 4009 et
3089 3951 3249 4026 apud
3280 3949 3627 4009 Diomedem
3668 3951 3903 4008 schema
3946 3947 4221 4026 asyndeti

655 4051 902 4110 debetur
960 4049 1374 4126 interpolatori
1431 4049 1926 4128 (animadvertas,
1987 4054 2142 4131 quod
2194 4054 2353 4130 apud
2407 4053 2511 4112 ch.
2557 4073 2614 4130 p.
2654 4057 2796 4126 281,
2847 4057 2922 4111 10
2984 4051 3147 4112 locus
3206 4057 3297 4112 est
3352 4051 3665 4111 lacunosus
3722 4054 3785 4111 et
3824 4052 3983 4127 apud
4026 4050 4221 4111 Diem.

658 4157 798 4224 445,
848 4158 884 4210 6
931 4151 1266 4212 definitioni
1310 4152 1582 4228 asyndeti
1627 4153 1794 4212 deest
1836 4155 2206 4233 exemplum3
2251 4162 2559 4233 praeterea
2600 4159 2793 4214 autem
2840 4155 3105 4231 dialyton
3123 4199 3138 4226 ,
3180 4155 3255 4212 de
3300 4173 3416 4232 quo
3446 4157 3723 4230 uterque,
3768 4153 3924 4212 sicut
3954 4152 4223 4213 Donatus

655 4260 716 4313 et
756 4253 1040 4314 Sacerdos
1058 4301 1072 4325 ,
1117 4255 1275 4330 agit,
1318 4254 1477 4313 nihil
1519 4257 1612 4314 est
1652 4254 1816 4314 aliud
1860 4255 1979 4313 nisi
2023 4257 2408 4335 asyndeton);
2451 4256 2668 4316 deinde
2712 4256 3028 4317 Diomedes
3062 4255 3347 4315 nonnulla
3377 4274 3453 4314 ex
3483 4254 3635 4314 libro
3667 4255 3919 4333 quodam
3950 4254 4219 4331 sumpsit,

653 4375 770 4436 quo
814 4375 1012 4436 neque
1053 4356 1320 4416 Donatus
1363 4374 1558 4436 neque
1601 4355 1900 4416 charisius
1943 4377 2084 4416 usus
2126 4362 2232 4418 est.
2321 4360 2398 4419 cf.
2442 4360 2580 4419 infr.
2625 4378 2685 4435 p.
2724 4364 2797 4418 31
2839 4378 2969 4438 sqq.

906 4457 1188 4518 Sacerdos
1230 4477 1401 4531 vero,
1446 4477 1620 4538 quem
1664 4478 1699 4517 a
1741 4458 1995 4518 charisii
2039 4465 2276 4521 auctore
2319 4462 2605 4521 nonnulla
2648 4462 2947 4521 derivasse
2989 4460 3149 4520 infra
3176 4457 3463 4532 elucebit,
3508 4476 3752 4518 numero
3783 4457 3967 4517 multo
4000 4458 4222 4518 maiore

651 4565 713 4620 et
755 4559 963 4620 ordine
1005 4560 1373 4636 singulorum
1415 4562 1776 4620 schematum
1820 4562 1894 4621 ab
1936 4561 2070 4621 aliis
2113 4581 2352 4640 prorsus
2397 4563 2615 4627 differt.

910 4661 1015 4738 51)
1058 4681 1192 4721 eum
1233 4661 1465 4722 Donato
1509 4663 1582 4723 of.
1613 4661 1918 4724 Diomedis
1961 4663 2368 4724 definitionem
2397 4665 2818 4743 hypozeuxeos
2846 4664 3109 4738 alteram,
3151 4663 3477 4741 syllepseos
3505 4661 3769 4736 alteram,
3810 4662 4222 4739 anadiploseos

648 4763 920 4836 alteram,
968 4763 1228 4840 priorem
1270 4765 1633 4840 anaphoras,
1677 4764 2134 4825 homoeoteleuti
2177 4767 2422 4827 alteram
2437 4813 2453 4841 ,
2496 4766 2731 4827 tertiam
2773 4765 3195 4843 homoeoptoti.
3283 4784 3414 4825 cum
3458 4763 3726 4824 charisio
3771 4771 3833 4824 et
3873 4765 4222 4844 plerumque

651 4865 830 4924 etiam
887 4885 1020 4925 cum
1061 4865 1375 4926 Sacerdote
1430 4867 1812 4927 consentiunt
1853 4867 2230 4929 definitiones
2265 4863 2416 4930 'haee
2470 4871 2891 4947 hypozeuxeos
2933 4867 3097 4945 prior
3114 4913 3131 4941 ,
3186 4866 3509 4946 syllepseos
3566 4867 3759 4944 prior,
3814 4867 4222 4945 anadiploseos

647 4953 828 5042 prior,
874 4967 1292 5045 epanalepseos
1337 4969 1521 5029 altera
1535 5015 1552 5043 ‚
1595 4971 1866 5030 seheseos
1909 4977 2225 5031 onomaton
2267 4971 2470 5045 altera,
2513 4971 2703 5051 (prior
2746 4991 2877 5032 cum
2918 4969 3287 5048 Sacerdote),
3329 4969 3515 5030 altera
3554 4967 3915 5048 parhomoei.
