4817 5934
1058 705 1378 764 Palaemon
1396 729 1409 764 :
2293 708 2640 768 Diomedes:
3487 708 3869 769 cominianus
3886 730 3900 766 ε

1896 844 2070 902 facile
2114 845 2518 904 dinoscuntur.
2608 864 2741 904 nam
2784 851 2845 903 et
2883 864 3021 903 con·
3130 844 3302 904 facile
3348 844 3751 904 dinoscuntur.
3839 865 3977 905 nam
4021 855 4082 906 et
4116 866 4257 906 con·

1897 947 2233 1005 iunctiones
2278 967 2383 1023 pro
2418 947 2550 1004 aliis
2595 945 3023 1005 coniunctioni-
3130 946 3466 1006 iunctiones
3507 965 3615 1022 pro
3656 947 3789 1006 aliis
3822 948 4255 1007 coniunctioni—

1901 1050 2009 1107 bus
2038 1051 2267 1124 positae
2300 1049 2691 1109 inveniuntur
2724 1051 3019 1123 potestate
3129 1051 3240 1108 bus
3283 1049 3513 1125 positae
3544 1050 3932 1109 inveniuntur
3961 1056 4256 1125 potestate

1901 1156 2138 1210 mutata.
2227 1159 2394 1210 sunt
2424 1150 2603 1209 aliae
2638 1151 2718 1208 ad
2750 1149 3024 1229 aliquid
3131 1143 3415 1225 mutata'.)

1901 1252 2274 1326 relativae,
2338 1259 2416 1311 ut
2473 1252 2574 1312 ait
2630 1252 2814 1310 idem
2878 1251 3024 1309 Pli-

672 1358 944 1414 ratii‘ae
1021 1358 1173 1414 hae:
1261 1358 1481 1430 magis
1553 1358 1797 1430 potius
1901 1356 2088 1426 nius,
2122 1355 2275 1413 sive
2305 1355 3025 1431 comparativaezma-

672 1461 908 1526 immo,
956 1458 1021 1514 in
1073 1458 1257 1514 hune
1301 1458 1593 1514 modum:
1661 1446 1797 1514 ‘hin
1845 1454 1853 1543 ι
1905 1457 2009 1530 gis
2077 1458 2320 1532 potius
2391 1456 2622 1528 imm0,
2695 1457 2787 1541 5¹².
2842 1456 3027 1515 huno

1905 1560 2206 1617 modum:
2265 1550 2407 1617 ‘hic
2450 1564 2590 1630 eat,
2653 1558 2854 1617 immo
2899 1557 3028 1616 ille

672 1158 812 1222 225,
844 1158 948 1210 213:
993 1150 1341 1210 rniatissae
1389 1154 1465 1210 ud
1505 1150 1793 1230 aliquid,

672 1262 744 1310 ut
792 1254 1069 1310 Plinius
1125 1254 1245 1322 ait,
1309 1254 1461 1310 sive
1521 1274 1797 1330 sumpti*

672 1574 808 1630 eat,
848 1558 1193 1618 immnilie
1229 1554 1797 1634 re-lpntiiisille*-
1849 1609 1853 1641 Ι

1905 1661 2023 1720 vel
2098 1661 2332 1735 potius
2406 1652 2576 1718 ille’.
2664 1661 2848 1718 idem
2920 1659 3030 1718 ait

672 1766 1797 1842 haberes-:imputanditamquam3
1905 1762 2351 1838 eomparandi
2418 1766 2845 1837 potestatem
2907 1762 3026 1819 ha-

676 1866 792 1922 anri
856 1866 1025 1922 haec
1077 1866 1413 1922 ndrerhiu
1465 1866 1801 1922 videntur
1849 1860 1853 1895 ¹
1905 1870 2068 1923 here
2100 1873 2239 1923 tam
2273 1883 2495 1944 quam.
2564 1865 2682 1922 sed
2717 1865 2888 1922 haee
2922 1864 3027 1922 vi-

676 1970 896 2042 umgis
942 1966 1473 2038 Similitudinis,
1521 1978 1593 2026 ut
1637 1961 1797 2026 ‘tam
1905 1970 2162 2025 dentur
2191 1967 2535 2025 adverbia
2569 1967 2789 2040 magis
2833 1966 3026 2024 simi-

676 2090 876 2146 quam
924 2070 1149 2126 honus
1193 2062 1477 2130 amicus*
1525 2078 1593 2126 et
1637 2062 1797 2130 ‘tam
1853 2066 1857 2156 y
1909 2069 2263 2140 [itudiniffi
2323 2078 2400 2128 ut
2455 2060 2619 2128 ‘tam
2664 2088 2863 2147 quam
2910 2068 3026 2126 bo·

676 2174 800 2230 ilie·
848 2190 1049 2246 quam
1097 2166 1249 2230 hin’*
1341 2190 1481 2230 sane
1525 2182 1585 2230 et
1621 2174 1801 2230 hahet
1853 2209 1857 2237 .
1909 2190 2035 2230 nus
2066 2161 2355 2228 amicus'
2387 2179 2457 2230 et
2483 2162 2645 2230 ‘tam
2676 2169 2805 2227 ille
2829 2189 3028 2248 quam

676 2274 1053 2350 sompni-andi
1085 2282 1437 2346 potestatem
1473 2294 1661 2354 quam,
1701 2278 1799 2334 uhi
1855 2334 1856 2340 ,
1905 2264 2061 2332 hie'.
2106 2306 2192 2316 ——

679 2378 896 2434 dis-itur
976 2366 1341 2450 *antequam*
1437 2386 1497 2434 et
1569 2370 1801 2434 ‘melius

680 2470 896 2554 φωτί.
944 2510 1025 2518 —*

672 1662 848 1718 idem
892 1662 1001 1722 ait.
1045 1662 1321 1718 Plinius
1369 1674 1797 1738 potestatem

940 2610 1461 2674 Deiiinnstratuni
1509 2618 1609 2674 est
1653 2614 1821 2690 quod
1869 2608 2433 2674 demonstrandum
2482 2612 2648 2687 erat,
2707 2608 3078 2674 Diomedem
3140 2610 3406 2675 duorum
3452 2614 3779 2675 auctorum
3827 2610 4259 2693 (Palaemonis

684 2736 748 2794 et
812 2730 1189 2810 Geminiani]
1257 2730 1609 2794 doctrinam
1669 2730 2172 2807 coiitaniinasse;
2238 2732 2578 2807 praeterea
2640 2726 2815 2790 tertii
2874 2727 3204 2794 cuiusdam
3267 2729 3547 2794 auctoris
3606 2729 3882 2812 vestigia
3944 2735 4262 2812 apparent

680 2850 1025 2930 praecipue
1073 2850 1129 2910 in
1181 2850 1361 2910 initio
1409 2854 1469 2910 et
1517 2850 1633 2910 suh
1681 2846 1885 2926 finem,
1933 2847 2037 2911 ubi
2082 2847 2167 2910 ad
2211 2845 2471 2909 verbum
2518 2845 2835 2910 consentit
2878 2864 3019 2911 cum
3067 2848 3340 2913 Donato.
3428 2848 3569 2931 pari
3600 2849 3789 2913 modo
3825 2868 3928 2914 res
3962 2867 4033 2915 se
4063 2850 4259 2916 habet

683 2970 852 3050 apud
904 2966 1270 3030 Diomede-111
1321 2986 1381 3046 p.
1413 2966 1557 3042 303,
1593 2966 1905 3046 30-303,
1937 2965 1995 3044 5,
2041 2964 2148 3029 ubi
2191 2964 2502 3047 imprimis
2547 2984 2692 3029 eum
2735 2966 3251 3047 grammaticum,
3292 2967 3393 3032 cui
3437 2967 3766 3034 Charisius
3812 2969 4004 3034 debet
4047 2969 4259 3033 omnia

684 3106 844 3166 qnae
892 3106 952 3166 p.
993 3088 1129 3162 143,
1169 3086 1497 3162 15-150,
1529 3086 1609 3146 530
1665 3086 1745 3150 de
1793 3084 2070 3150 ablativo
2129 3101 2284 3149 casu
2338 3083 2653 3167 singulari
2707 3082 3012 3165 explicat,
3072 3091 3395 3152 auctorem
3451 3092 3707 3152 secutus
3766 3092 3894 3165 est3
3958 3086 4027 3149 id
4086 3085 4256 3164 quod

684 3206 956 3270 elucebit
1001 3202 1249 3266 collatis
1297 3202 1397 3266 his
1441 3202 1627 3266 lonis:

1485 3322 1821 3386 Diomedes
1861 3323 2003 3403 303,
2035 3323 2290 3389 31—32
2472 3325 2539 3385 et
2580 3320 2824 3386 Charis.
2861 3322 2999 3400 148,
3034 3322 3302 3388 15-17.

1861 3443 2006 3522 303,
2033 3443 2352 3522 37-304,
2384 3442 2417 3503 1
2484 3490 2519 3521 ,,
2690 3491 2726 3520 ,,
2861 3441 2999 3519 148,
3032 3440 3300 3504 18-19.

1865 3561 2006 3640 304,
2042 3559 2293 3641 16-25
2485 3609 2521 3639 ,,
2692 3610 2727 3639 ,,
2859 3559 2999 3638 148,
3031 3559 3301 3625 19-26.

1861 3682 2005 3758 304,
2033 3678 2291 3744 27-34
2482 3729 2519 3758 ,,
2690 3728 2725 3758 ,,
2860 3679 2999 3757 148,
3028 3678 3303 3744 27—33.

1861 3801 2003 3875 305,
2077 3798 2289 3860 9-22
2484 3846 2518 3878 ,,
2690 3848 2723 3878 ,,
2856 3798 3349 3879 148,·84-149,
3380 3801 3442 3865 9.

1865 3916 2008 3995 305,
2040 3917 2355 3996 25-306,
2383 3919 2429 3982 4
2488 3967 2521 3998 ,,
2693 3968 2727 3999 ,,
2860 3917 3003 3997 149,
3042 3918 3305 3983 13-25.

1865 4035 2008 4116 307,
2084 4037 2290 4101 7-17
2487 4087 2521 4116 ,,
2692 4087 2726 4118 ,,
2859 4039 3002 4116 149,
3034 4038 3348 4117 26-150,
3378 4037 3437 4102 5.

1869 4154 2011 4236 307,
2043 4154 2358 4234 24-308,
2392 4157 2423 4218 1
2489 4206 2523 4236 ,,
2693 4207 2728 4237 ,,
2860 4158 3001 4236 150,
3074 4156 3302 4220 9-20.

692 4298 766 4342 ac
816 4298 892 4342 ne
936 4278 1081 4358 quis
1125 4278 1289 4342 forte
1333 4282 1517 4358 putet
1565 4274 1933 4338 Diomedem
1979 4279 2182 4339 totum
2227 4273 2384 4339 illud
2436 4280 2630 4356 caput
2673 4275 2781 4340 uni
2824 4275 3056 4340 debere
3099 4275 3373 4353 auctori,
3435 4272 3614 4337 cuius
3675 4271 4026 4354 disputatio
4086 4273 4262 4354 apud

692 4398 1049 4462 Charisium
1093 4398 1369 4460 fortasse
1417 4414 1541 4458 nnn
1585 4394 1837 4474 integra
1881 4399 2139 4458 servata
2183 4392 2298 4474 sit,
2341 4396 2725 4458 monendum
2771 4398 2872 4460 est
2915 4392 3188 4459 Charisii
3232 4391 3681 4474 Diomedisque
3725 4396 4047 4457 auctorem
4093 4410 4261 4457 com-

692 4534 948 4578 munem
997 4522 1233 4578 certam
1281 4514 1637 4578 disserendi
1681 4510 1946 4578 formam
1992 4511 2362 4577 adhibuisse
2408 4512 2789 4594 singulaque
2832 4513 3030 4576 verba
3070 4510 3202 4576 fere
3234 4529 3488 4593 semper
3518 4512 3601 4576 ad
3635 4529 3828 4575 unum
3862 4511 4260 4592 eundemque

692 4634 980 4698 ordinem
1041 4634 1385 4714 protulisse
1401 4682 1417 4710 ,,,
1481 4634 1545 4694 id
1593 4634 1761 4714 quod
1813 4634 1893 4694 iis
1937 4631 2447 4712 demonstratur,
2510 4649 2674 4712 quae
2732 4631 2905 4711 apud
2949 4629 3306 4695 charisium
3351 4636 3418 4695 et
3458 4629 3829 4695 Diomedem
3873 4629 3957 4694 ad
3999 4629 4260 4694 verbum

696 4754 1121 4834 consentiunt,
1169 4758 1237 4814 ut
1285 4750 1569 4814 Diomed.
1601 4750 1745 4830 305,
1777 4754 1861 4818 25
1897 4768 2028 4833 sqq.
2071 4780 2159 4804 =
2202 4749 2445 4815 Charis,
2479 4750 2621 4830 149,
2656 4750 2735 4814 13
2765 4767 2932 4831 sqq,
2996 4755 3061 4814 et
3102 4749 3390 4814 Diomed.
3422 4749 3566 4830 307,
3595 4751 3681 4816 24
3711 4767 3848 4831 sqq.
3892 4779 3977 4802 =
4020 4747 4262 4813 Charis,

704 4874 840 4954 150,
872 4874 912 4934 0
944 4890 1081 4954 sqq.
1125 4870 1349 4950 incipit
1393 4870 1557 4934 enim
1605 4870 1952 4934 secundum
2009 4877 2346 4950 utrumque
2389 4867 2455 4933 in
2500 4873 2771 4951 utroquo
2813 4868 2954 4934 loco
2999 4868 3102 4933 his
3146 4867 3386 4934 verbis:
3446 4862 3739 4934 ‘Nomina
3783 4885 3943 4950 quae
3987 4865 4265 4931 ablativo
