4817 5934
2178 607 2689 707 —40‹-...

648 802 840 886 plum,
888 810 957 866 ut
1001 822 1061 886 p.
1101 806 1241 882 444,
1285 806 1381 866 30.
1429 806 1573 882 445,
1613 802 1745 886 {43}
1794 803 1891 867 12.
1934 803 2081 884 447,
2131 805 2243 883 11;
2292 804 2392 885 19,
2434 802 2622 869 facile
2663 803 2806 885 quis
2836 803 3133 885 opinetur
3163 803 3231 869 in
3262 801 3484 870 Scauri
3528 802 3691 868 libro
3737 803 4028 886 exempla
4071 802 4227 869 defi·

644 922 989 986 tuitionibus
1037 922 1213 986 nulla
1257 922 1477 986 addita
1521 922 1737 986 fuisse.
1825 922 1995 1004 quod
2043 926 2114 986 ut
2156 941 2270 1004 per
2302 941 2374 988 se
2402 941 2670 1005 prorsus
2702 927 2805 988 est
2834 922 3238 1004 incredibile,
3281 923 3376 988 ita
3418 923 3737 1006 quomodo
3781 921 3941 987 illud
3985 923 4224 988 factum

648 1042 760 1122 sit,
804 1042 953 1106 inde
1001 1042 1381 1122 explicatur,
1429 1042 1597 1122 quud
1645 1042 1962 1123 plerisque
2006 1040 2197 1120 locis„
2243 1040 2473 1122 quibus
2520 1041 2741 1107 Scauri
2789 1041 3139 1107 definitioni
3198 1041 3490 1123 exempla
3536 1061 3662 1107 non
3707 1033 4006 1124 apposita
4049 1048 4220 1120 sunt,

648 1158 840 1226 huius
884 1158 1237 1226 definitioni
1281 1162 1609 1242 'praecedit
1657 1170 1721 1222 et
1765 1161 1968 1226 altera
2011 1159 2297 1225 definitio
2344 1178 2423 1224 ex
2467 1159 2741 1226 Charisii
2787 1167 3048 1226 auctore
3101 1167 3361 1242 sumpta
3419 1166 3487 1225 et
3545 1161 3898 1244 exemplum
3946 1160 4224 1242 aliquod,

648 1282 816 1362 quud
864 1278 1157 1342 Diomedi
1205 1298 1325 1342 nnn
1377 1278 1581 1342 solum
1629 1298 1765 1342 eum
1813 1278 2104 1345 Charisio
2149 1279 2265 1343 sed
2311 1280 2504 1344 etiam
2567 1298 2707 1344 cum
2753 1280 3007 1345 Donato
3053 1284 3153 1345 est
3208 1297 3569 1360 commune;
3628 1279 4036 1361 quamobrem
4081 1297 4227 1361 pro-

652 1398 860 1462 babile
909 1402 1005 1462 est
1053 1398 1421 1462 Diomedem
1469 1398 1761 1478 exempla
1800 1399 1973 1479 apud
2005 1398 2313 1464 Scaurum
2360 1417 2487 1463 non
2531 1405 2663 1464 tam
2708 1418 2834 1464 non
2878 1399 3203 1481 reperisse
3231 1416 3421 1479 quam
3455 1399 3535 1462 de
3563 1398 3882 1464 industria
3911 1398 4223 1477 omisisse,

648 1518 752 1582 ubi
804 1518 969 1598 apud
1021 1538 1161 1582 euni
1205 1518 1445 1582 nullum
1493 1518 1855 1582 inveniebat
1914 1516 2089 1582 aliud
2134 1516 2491 1598 exemplum
2553 1536 2742 1599 quam
2802 1518 2971 1599 quod
3031 1516 3220 1583 modo
3280 1535 3358 1581 ex
3399 1515 3670 1581 Charisii
3732 1524 3994 1582 auctore
4055 1524 4226 1582 tran·

652 1638 1017 1718 scripserat.
1105 1654 1269 1718 quae
1317 1638 1633 1698 sententia
1673 1634 1984 1718 probatur
2024 1635 2103 1701 iis
2148 1635 2341 1717 lociS,
2386 1637 2451 1700 in
2496 1636 2725 1717 quibus
2775 1636 3066 1718 exempla
3097 1637 3367 1700 duorum
3404 1643 3734 1700 auctorum
3767 1642 3920 1701 sunt
3949 1637 4222 1716 diversa,

650 1758 824 1822 velut
868 1778 917 1818 s.
965 1758 1057 1818 tit..
1105 1750 1201 1818 ‘tie
1245 1750 1637 1834 epanalepsi*
1681 1762 1745 1818 et
1785 1748 1886 1819 'de
1931 1748 2426 1836 paronomasia’,
2473 1754 2579 1819 ubi
2625 1755 2971 1820 Diomedes
3016 1754 3272 1820 exhibet
3330 1753 3686 1837 exemplum
3744 1755 4220 1839 utriusquessss).

909 1874 1090 1954 Quud
1137 1894 1325 1954 porro
1369 1874 1541 1954 apud
1573 1874 1889 1938 Donatum
1923 1880 2055 1938 tres
2098 1873 2362 1955 figurae,
2407 1876 2859 1956 parhomoeon,
2903 1875 3422 1956 homoeoptoton,
3466 1873 4037 1956 homoeoteleuton,
4083 1893 4225 1940 cum

656 2002 872 2062 contra
917 1994 1105 2058 huius
1153 1994 1429 2058 aucturis
1477 2010 1713 2058 morem
1761 1993 1841 2057 ad
1888 2011 2172 2057 normam
2216 1993 2500 2058 auctoris
2547 1993 2820 2059 Charisii
2865 1992 3282 2073 definiantur,
3340 1992 3581 2058 Scauro
3639 1993 3934 2058 videntur
3977 1993 4223 2059 abiudi-

656 2118 901 2178 eaudae
945 2130 1121 2190 esse,
1169 2118 1409 2190 tamen,
1469 2130 1609 2174 eum
1653 2114 1821 2176 duae
1865 2111 2091 2176 harum
2136 2110 2580 2177 definitionum
2625 2114 2797 2195 apud
2844 2112 3218 2178 Diomedem
3277 2112 3417 2195 pari
3479 2113 3667 2177 modo
3728 2113 4017 2193 prolatae
4076 2112 4224 2193 sint,

652 2242 724 2298 ut
772 2234 1046 2298 dubitari
1097 2250 1217 2294 nnn
1265 2230 1497 2310 possit,
1545 2230 1689 2314 quin
1737 2230 1797 2294 in
1842 2228 2018 2296 fonte
2062 2231 2373 2296 communi
2421 2230 2817 2310 exstiterint,
2862 2230 2999 2297 fieri
3043 2250 3168 2296 non
3213 2237 3463 2311 potest,
3507 2233 3657 2314 quin
3693 2232 3881 2297 etiam
3919 2237 4049 2297 tres
4080 2231 4228 2297 illas

656 2354 1061 2418 definitiones
1109 2350 1345 2414 Scauro
1393 2350 1813 2429 vindicen1US,
1857 2350 2234 2431 praesertim
2299 2368 2442 2415 cum
2499 2349 2686 2415 facile
2745 2349 3203 2432 perspiciatur,
3270 2368 3381 2415 cur
3439 2351 3892 2432 grammaticus
3951 2350 4016 2416 in
4076 2349 4229 2416 defi-

652 2474 868 2538 niendi
917 2470 1165 2534 ratione
1213 2470 1333 2534 sibi
1381 2490 1501 2534 non
1549 2468 1924 2534 eonstiterit.
2029 2488 2106 2533 ex
2162 2486 2333 2534 mea·
2366 2468 2533 2534 enim
2595 2469 2918 2534 sententia
2961 2469 3241 2535 Scaurus
3285 2469 3349 2534 in
3397 2469 3774 2535 definiendis
3831 2470 4039 2536 tribus
4096 2469 4224 2536 illis

652 2594 872 2674 figuris
937 2590 1061 2654 alia
1121 2590 1321 2650 forma
1377 2594 1721 2670 prepterea
1781 2605 1934 2653 usus
1996 2594 2130 2669 est,
2188 2589 2358 2670 quod
2403 2588 2713 2653 vocabula
2770 2606 3003 2670 graeca
3059 2583 3560 2671 ‘parhomoeon’,
3617 2584 4229 2671 ‘homoeoteleuton’,

656 2702 1189 2790 ‘honuoeuptotnn‘
1249 2710 1313 2770 in
1369 2706 1653 2790 linguam
1697 2706 1959 2772 latinam
2005 2715 2255 2772 vertere
2300 2706 2619 2772 difficilius
2666 2712 2768 2771 est
2810 2725 2998 2789 quam
3043 2708 3212 2789 quod
3258 2708 3426 2791 aptis
3486 2708 3848 2774 nominibus
3908 2727 4073 2790 quae
4116 2727 4229 2773 vo·

660 2839 888 2898 cantur
949 2826 1369 2894 substantivis
1425 2826 1561 2890 fieri
1625 2828 1975 2908 possum).
2080 2844 2245 2909 quae
2304 2844 2447 2891 cum
2491 2826 2584 2891 ita
2628 2826 2785 2907 sint,
2849 2826 3063 2891 omnia
3125 2845 3289 2908 quae
3330 2826 3625 2893 Diomedi
3683 2846 3823 2893 cum
3871 2828 4125 2893 Donato
4168 2827 4234 2893 in

660 2949 1049 3034 explicandis
1098 2946 1537 3026 metaplasmis
1573 2945 2128 3028 schematibusque
2158 2945 2516 3011 communia
2545 2951 2724 3026 sunt,
2769 2944 3119 3011 tribuemus
3151 2945 3393 3010 Scauro
3438 2947 3734 3030 (excepta
3761 2947 3998 3013 Donati
4029 2947 4235 3012 altera

660 3070 977 3150 syllepsos
1025 3066 1389 3130 definitis-ne
1437 3066 1797 3146 spuriafiflj.
1885 3070 2078 3147 atque
2136 3083 2276 3130 cum
2330 3082 2522 3146 porro
2567 3065 2859 3129 Donatus
2919 3069 2982 3129 et
3028 3063 3402 3146 DiomedeS,
3462 3066 3570 3131 ubi
3615 3067 4053 3146 consentiunt,
4095 3065 4228 3145 ple-

656 3206 925 3270 rumque
969 3186 1345 3250 conveniant
1389 3186 1473 3250 ad
1517 3184 1777 3250 verbum
1803 3221 1886 3230 —
1931 3185 2101 3250 unde
2145 3183 2352 3249 elucet
2396 3202 2522 3249 non
2570 3183 2775 3250 solum
2823 3183 3044 3249 Scauri
3089 3184 3442 3250 doctrinam
3488 3185 3604 3252 sed
3639 3184 3834 3250 verba
3874 3184 4017 3264 ipsa
4051 3178 4223 3261 apud

660 3330 768 3374 eus
816 3310 1077 3372 servata
1121 3306 1385 3386 essefffl}
1434 3342 1541 3382 m,
1601 3310 1665 3366 et
1721 3322 1858 3367 cum
1920 3302 2264 3369 Diomedes
2310 3301 2533 3368 Scauri
2591 3300 2994 3369 definitiones
3057 3320 3254 3384 saepe
3311 3322 3452 3369 cum
3513 3302 3655 3367 aliis
3718 3298 4099 3379 confuderit,
4163 3298 4230 3363 in

664 3502 961 3510 =——

913 3634 1017 3710 55)
1065 3650 1417 3710 quamquam
1461 3650 1505 3686 s.
1557 3636 1593 3686 t.
1641 3622 1729 3686 'de
1777 3621 2197 3706 paronomasia'
2255 3629 2592 3705 exemplum
2653 3628 3101 3702 Terentianum,
3162 3648 3292 3687 cum
3351 3628 3507 3704 apud
3564 3624 3936 3687 Sacerdotem
3996 3645 4234 3706 quoque

656 3742 884 3810 redeat,
949 3738 1125 3794 etiam
1185 3734 1529 3790 Cominium
1589 3738 1786 3806 potest
1842 3731 2060 3791 deberi.
2164 3751 2237 3791 ne
2300 3732 2435 3811 quie
2496 3750 2638 3790 vero
2696 3730 3041 3790 Diomedem
3098 3738 3333 3791 secutus
3385 3731 3498 3790 hoc
3558 3730 3896 3807 exemplum
3955 3737 4127 3806 putet
4166 3729 4233 3787 in

656 3842 860 3902 fleam-i
905 3838 1313 3898 definitionem
1373 3854 1609 3910 prorsus
1669 3854 1785 3890 nnn
1851 3836 2171 3912 quadrare,
2230 3836 2587 3894 monendum
2632 3838 2751 3906 eet,
2813 3834 2969 3911 quod
3030 3833 3345 3894 Diomedes
3402 3833 3812 3894 definitionem
3856 3832 4234 3892 Scaurianam

660 3966 788 4002 uum
856 3942 1005 4006 alia,
1065 3938 1305 3994 aiiunde
1373 3938 1585 4010 petita,
1645 3938 1729 3994 ita
1773 3935 2113 4008 coniunxit,
2172 3944 2239 3995 ut
2295 3936 2501 3996 Scauri
2552 3934 2885 3994 definitioni
2943 3935 3110 3994 illata
3168 3937 3250 3996 sit
3306 3937 3499 4008 notio,
3560 3955 3711 4014 quae
3777 3937 3850 3993 ab
3895 3954 3964 3993 ea
4022 3933 4216 3990 aliena

660 4054 768 4102 est.
860 4038 1305 4118 perunumaeiau
1349 4050 1541 4098 autem
1589 4038 1769 4098 variis
1811 4037 1942 4097 fieri
1993 4039 2182 4098 modis
2236 4040 2409 4097 docet
2461 4038 2580 4097 iam
2623 4037 2970 4097 Cornificius
3025 4039 3100 4096 ad
3144 4038 3409 4098 Herenn.
3444 4039 3549 4110 IV,
3596 4042 3695 4110 21,
3744 4040 3850 4105 293
3908 4035 3979 4092 cf.
4039 4030 4216 4090 etiam

656 4146 909 4210 Quintil.
949 4142 1057 4214 [X.
1105 4150 1161 4214 3,
1209 4150 1305 4198 ss.

917 4246 1025 4322 ΕΤ)
1073 4246 1141 4302 ef.
1193 4246 1409 4302 Corn-if.
1457 4246 1529 4302 ad
1577 4242 1717 4302 Her.
1753 4241 1858 4314 IV,
1904 4247 2017 4313 20,
2064 4247 2177 4300 28:
2235 4232 2542 4302 ‘Similiter
2587 4243 2879 4302 cadens
2924 4242 3233 4303 exornatio
3278 4231 3628 4318 appellatur’
3672 4258 3723 4296 e.
3771 4257 3826 4315 q.
3874 4255 3918 4293 e.
3968 4238 4030 4294 et
4071 4233 4216 4294 ibid.

660 4342 965 4406 ‘Similiter
1009 4346 1373 4406 desinens
1421 4354 1509 4406 eat
1553 4338 1693 4406 fluns
1749 4366 1796 4406 e.
1842 4365 1897 4424 q.
1943 4364 1991 4403 s.
2078 4345 2152 4404 cf.
2198 4342 2451 4406 Quintil.
2484 4344 2598 4416 IX,
2643 4350 2698 4418 3,
2746 4346 2778 4403 7
2791 4346 2950 4404 5—7
2962 4349 3016 4403 8.

921 4454 1025 4526 ΕΒ)
1073 4454 1149 4510 ef.
1193 4450 1373 4506 Keilii
1421 4450 1617 4506 adnut.
1669 4446 1795 4506 urit.
1839 4449 1914 4506 ad
1956 4446 2171 4507 Donat.
2217 4467 2274 4524 p.
2313 4448 2456 4522 397,
2506 4453 2614 4508 26:
2655 4437 2819 4506 ‘item
2865 4481 2947 4490 —
2996 4449 3074 4503 29
3119 4443 3291 4503 laetis
3333 4462 3445 4504 om.
3489 4441 3572 4513 L,
3616 4440 3810 4499 deleta
3853 4444 3992 4498 sunt
4031 4439 4098 4497 in
4142 4429 4237 4509 P’;

660 4562 840 4634 atque
888 4554 1353 4622 animadvertas,
1417 4554 1569 4630 quud
1617 4554 1769 4626 apud
1815 4549 2113 4610 Donatum
2158 4554 2461 4625 praeterea
2504 4568 2796 4630 nusquam
2851 4548 3001 4607 duae
3046 4545 3310 4605 eiusdem
3353 4544 3574 4620 figurae
3618 4540 3997 4602 definitiones
4037 4560 4239 4618 reper-

660 4658 884 4714 iuntur.

917 4758 1025 4834 ΕΗ)
1073 4774 1421 4834 quamquam
1477 4754 1657 4830 igitur
1717 4754 1968 4814 Seaurus
2009 4753 2075 4812 in
2118 4753 2272 4813 libro
2327 4742 2421 4812 ‘de
2465 4742 2905 4827 orthographia'
2959 4769 3016 4827 p.
3058 4751 3090 4808 7
3153 4739 3278 4828 (ἀι
3332 4751 3627 4808 testantur
3683 4743 4112 4820 μεταπλασμοί,
4172 4742 4239 4801 in

664 4862 880 4938 quibua
925 4866 1017 4918 est
1061 4858 1345 4918 eiusmodi
1393 4858 1749 4934 syllabarum
1793 4854 2084 4929 diductio,
2145 4861 2213 4916 ut
2253 4847 2455 4932 ‘pictai
2497 4844 2698 4911 vestis’
2743 4857 2804 4912 et
2842 4842 3015 4910 ‘aulai
3060 4843 3268 4910 medio’
3319 4870 3427 4926 pro
3468 4840 3695 4927 ‘pictae’
3747 4856 3809 4907 et
3848 4837 4087 4923 ‘aulae’)
4130 4836 4241 4903 ‘di-

664 4954 880 5022 ductio*
929 4962 1213 5018 voeabula
1261 4978 1365 5034 pru
1409 4950 1713 5018 ‘discissio'
1757 4958 1996 5034 (Donat.
2041 4963 2102 5018 et
2142 4956 2442 5032 Diomed.)
2495 4953 2685 5013 utitur
2742 4958 2803 5013 et
2860 4973 2980 5014 non
3036 4951 3372 5028 exemplum
3428 4950 3770 5012 Ennianum
3814 4950 3973 5028 (aun.
4015 4953 4066 5019 1,
4111 4945 4239 5024 34),
