4817 5934
2125 619 2641 690 -17-

849 811 1518 895 Prosparalepsis
1565 818 1718 895 est,
1763 832 1930 880 cum
1975 812 2214 896 aliquid
2260 813 2345 879 ad
2387 811 2799 880 novissimam
2846 819 3092 896 partem
3139 814 3434 880 dictionis
3480 813 3728 878 accedit
3774 811 3947 897 (441,
3981 813 4105 898 11).

849 930 1154 1014 Parago
1169 950 1262 1014 ge
1302 937 1454 1014 est,
1499 951 1668 998 cum
1712 933 1798 997 ad
1829 932 2113 999 ultimam
2159 932 2467 1014 simplicis
2515 932 2813 998 dictionis
2856 933 3207 1000 clausulam
3252 937 3367 999 aut
3396 933 3612 999 littera
3644 932 4013 1016 adiungitur
4056 938 4173 998 aut

593 1049 840 1134 syllaba
883 1049 1058 1132 (441,
1092 1049 1220 1134 17).
1315 1083 1328 1112 ι

849 1168 1174 1236 Ectasis
1222 1173 1351 1234 est
1396 1169 1734 1254 [extensio‚
1777 1188 1944 1253 quae
1973 1169 2074 1256 fit]
2097 1159 2222 1255 ⁸⁰),
2267 1187 2433 1236 cum
2476 1176 2769 1253 correpta
2798 1170 3049 1254 syllaba
3092 1176 3315 1236 contra
3346 1169 3657 1236 rationem
3694 1190 3811 1254 per
3844 1170 4169 1237 licentiam

591 1289 970 1371 producitur
1013 1287 1186 1369 (442,
1222 1291 1304 1372 1).

851 1407 1349 1473 Protheseon
1393 1406 1824 1490 parallage
1869 1413 2020 1489 est,
2067 1425 2232 1474 cum
2279 1408 2408 1474 alia
2452 1427 2642 1490 quam
2687 1427 2853 1492 quae
2898 1408 3088 1475 debet
3130 1408 3520 1492 praepositio
3566 1409 3824 1490 ponitur
3865 1409 4046 1491 (443,
4083 1411 4169 1492 1).

852 1526 1184 1608 Duplicem
1225 1528 1393 1592 hanc
1435 1525 1874 1593 definitionum
1917 1527 2185 1593 formam
2230 1529 2316 1592 ad
2361 1529 2525 1594 duos
2570 1535 2892 1609 auctores,
2954 1545 3115 1609 quos
3161 1528 3615 1594 contaminavit
3660 1527 4031 1609 Diomedae,
4076 1547 4171 1594 re-

591 1645 920 1711 ferendam
965 1664 1107 1711 esse
1149 1646 1336 1712 facile
1381 1648 1711 1728 concedeS,
1757 1648 1814 1712 si
1857 1651 2194 1730 praeterea
2236 1647 2611 1727 attenderis,
2656 1647 2827 1730 quod
2869 1647 2935 1712 in
2977 1645 3403 1728 aphaereseos
3450 1647 3871 1728 explicatione
3913 1647 4171 1714 disertis

595 1763 806 1830 verbis
850 1764 1048 1847 priori
1093 1763 1448 1831 definitioni
1507 1759 1914 1848 ‘Aphaeresis
1960 1770 2062 1830 est
2107 1782 2314 1847 aeque
2353 1766 2673 1848 generalis
2722 1766 3212 1848 metaplasmuS,
3273 1766 3378 1848 qui
3422 1765 3496 1831 fit
3536 1785 3654 1849 per
3697 1766 4171 1848 detractionem,

595 1884 712 1949 sed
757 1883 1123 1966 specialiter
1168 1881 1568 1951 observatur'
1621 1885 1826 1950 altera
1870 1886 1964 1951 sic
2007 1885 2398 1950 adnectitur:
2439 1879 2667 1952 ‘Item
2714 1885 2806 1950 de
2851 1885 3297 1968 aphaeresi.
3364 1885 3751 1966 Aphaeresis
3784 1890 3885 1950 est
3914 1881 4173 1950 ablatio’

595 2021 649 2070 e.
681 2021 738 2086 q.
773 2021 824 2068 s.
870 2003 1022 2086 quid
1070 2003 1237 2069 enim
1283 2005 1405 2069 sibi
1451 2004 1675 2070 volunt
1717 2005 1912 2070 verba
1963 1999 2146 2069 ‘Item
2191 2005 2272 2068 de
2315 1999 2707 2087 aphaeresi'‚
2769 2003 2893 2069 nisi
2936 2004 3223 2069 indicant
3263 2004 3502 2070 fontem
3548 2004 3863 2070 alterum?
3921 2023 4066 2070 nam
4111 2004 4170 2068 si

587 2121 699 2187 illa
745 2122 960 2188 omnia
1001 2141 1076 2187 ex
1119 2141 1248 2188 uno
1292 2123 1526 2190 hausta
1569 2129 1788 2191 essent
1828 2123 2038 2203 fonte,
2106 2123 2304 2189 verba
2343 2117 2482 2188 ‘sed
2528 2123 2891 2206 specialiter
2935 2120 3332 2189 observatur’
3386 2123 3605 2188 statim
3651 2124 3972 2204 exciperet
4017 2122 4168 2189 defi-

591 2242 753 2307 nitio
795 2235 1134 2324 ‘specialis’
1178 2241 1284 2326 (cf.
1327 2241 1497 2308 infra
1539 2261 1600 2324 p.
1632 2243 1716 2307 22
1761 2261 1813 2308 e.
1844 2250 1889 2307 t.
1933 2244 2016 2308 de
2058 2241 2431 2326 prosthesi).

845 2361 981 2426 Iam
1028 2361 1154 2427 duo
1197 2361 1263 2428 hi
1308 2369 1602 2427 auctores
1649 2362 1932 2444 separati
1977 2380 2184 2444 neque
2228 2360 2641 2427 contaminati
2684 2360 2867 2425 nobis
2910 2364 3174 2442 praesto
3218 2367 3387 2440 sunt,
3432 2361 3597 2426 alter
3627 2361 3800 2443 apud
3830 2362 4172 2443 Donatum,

590 2481 763 2563 apud
823 2479 1180 2546 charisium
1240 2481 1405 2547 alter
1465 2481 1570 2564 (cf.
1618 2480 1836 2567 infra).
1923 2499 2304 2565 quamquam
2365 2480 2534 2545 enim
2580 2479 2972 2562 singulorum
3035 2480 3599 2561 metaplasmorum
3657 2481 3916 2547 nomina
3938 2485 4041 2566 ⁸¹)
4104 2489 4171 2548 et

591 2600 750 2664 ordo
774 2599 879 2683 ⁸²)
937 2605 1131 2682 atque
1186 2600 1494 2666 nonnulla
1551 2600 1841 2682 exempla
1898 2598 2192 2666 omnibus
2255 2599 2741 2683 communia⁸³)
2800 2617 2919 2666 nos
2982 2600 3063 2664 ad
3109 2618 3301 2664 unum
3358 2601 3649 2681 relegant
3708 2606 4063 2682 auctorem,
4126 2621 4169 2666 a

593 2736 719 2799 quo
763 2723 901 2783 tota
944 2717 1104 2784 haec
1148 2719 1442 2785 doctrina
1481 2720 1794 2802 principio
1839 2718 2125 2802 profecta
2155 2720 2399 2801 estu),
2444 2738 2629 2784 nemo
2659 2723 2895 2800 tamen,
2938 2717 3045 2800 qui
3076 2716 3348 2783 Charisii
3378 2719 3736 2801 Donatique
3766 2720 4169 2788 definitiones

855 2943 960 3020 30)
1004 2963 1124 3001 non
1171 2949 1413 3003 exstant
1453 2947 1608 3022 apud
1655 2945 1878 3006 Charis.
1926 2945 2000 3004 cf.
2045 2945 2221 3003 infra.

850 3045 958 3121 31)
1003 3046 1446 3124 quatuordecim
1505 3047 1874 3124 metaplasmi
1933 3047 2161 3124 species
2218 3047 2459 3104 eaedem
2504 3047 2887 3123 proferuntur
2938 3046 3097 3121 apud
3142 3046 3473 3104 charisium
3531 3052 3593 3107 et
3647 3048 3803 3124 apud
3849 3048 4165 3124 Donatum,

588 3165 787 3228 neque
830 3147 953 3206 ulla
992 3151 1084 3206 est
1127 3146 1455 3220 diversitas,
1502 3146 1618 3205 nisi
1662 3148 1820 3227 quod
1857 3149 2006 3208 duae
2051 3148 2296 3224 species,
2342 3167 2495 3227 quae
2536 3139 2915 3225 ‘epenthesis’
2957 3154 3021 3208 et
3059 3140 3393 3224 ‘paragoge’
3445 3151 3604 3224 apud
3648 3150 3720 3210 D.
3765 3151 4167 3226 nominantur,

591 3251 748 3327 apud
792 3249 899 3308 Ch.
943 3255 1234 3309 vocantur
1273 3239 1680 3324 ‘parenthesis’
1723 3255 1786 3309 et
1824 3240 2342 3327 ‘prosparalepsis’.
2430 3249 2749 3310 Diomedes
2801 3269 2944 3311 vero
3001 3269 3037 3309 a
3079 3251 3314 3310 Donato
3374 3270 3444 3311 eo
3503 3251 3731 3326 differt,
3794 3255 3954 3333 quod
4011 3254 4170 3314 inter

589 3351 940 3429 epenthesin
986 3356 1049 3409 et
1090 3369 1429 3426 paragogen
1474 3352 1675 3428 posuit
1715 3353 2210 3430 prosparalepsin.

845 3453 950 3530 32)
997 3452 1152 3528 apud
1198 3451 1498 3511 Donatum
1546 3457 1607 3513 et
1649 3454 1983 3514 Charisium
2027 3454 2186 3512 idem
2232 3455 2583 3514 observatur
2629 3455 2803 3513 ordo:
2865 3453 3120 3529 primum
3180 3455 3543 3515 exhibentur
3598 3461 3721 3515 tres
3779 3457 4165 3535 metaplasmi,

593 3557 698 3636 qui
741 3555 894 3614 fiunt
936 3543 1268 3613 adiectione
1311 3554 1546 3614 litterae
1590 3557 1690 3614 vel
1734 3557 2024 3634 syllabae,
2087 3556 2301 3615 deinde
2345 3556 2628 3615 contrarii
2672 3562 2823 3629 tres,
2884 3555 2985 3634 qui
3034 3557 3188 3616 fiunt
3231 3558 3622 3631 detractione,
3670 3563 3795 3617 tum
3840 3567 4170 3640 sequuntur

588 3657 720 3716 bini
763 3657 880 3716 sibi
924 3657 1235 3729 contrarii,
1295 3657 1508 3716 ectasis
1551 3664 1614 3718 et
1656 3660 1908 3734 systole,
1969 3659 2251 3718 diaeresis
2296 3664 2359 3717 et
2401 3658 2846 3736 episynaliphe‚
2908 3657 3221 3736 synaliphe
3266 3666 3328 3718 et
3371 3659 3705 3736 ecthlipsis,
3750 3661 4065 3721 antithesis
4108 3667 4170 3724 et

591 3759 954 3819 metathesis.
1043 3759 1200 3838 quod
1243 3764 1441 3818 autem
1485 3760 1803 3820 Diomedes
1857 3765 2081 3821 certum
2135 3761 2296 3820 hunc
2337 3761 2605 3819 ordinem
2661 3760 2845 3820 semel
2884 3760 3151 3820 turbavit
3190 3761 3416 3837 (posuit
3460 3761 3815 3839 synaliphen
3860 3769 3998 3823 ante
4041 3766 4164 3840 epi-

589 3860 992 3941 synaliphen),
1037 3859 1169 3919 sine
1213 3860 1392 3919 dubio
1439 3861 1567 3921 eius
1608 3862 1797 3939 ipsius
1840 3864 2090 3922 debetur
2131 3863 2562 3939 neglegentiae,
2608 3863 2762 3923 sicut
2803 3867 2865 3923 et
2891 3863 2955 3921 in
2986 3861 3103 3920 fine
3134 3864 3494 3938 protheseon
3538 3863 3880 3940 parallagen
3921 3866 4163 3928 addidit.

587 3965 664 4026 of.
707 3983 764 4040 p.
807 3969 878 4021 18
926 3967 988 4023 et
1031 3967 1130 4020 26.

847 4061 954 4144 83)
1001 4065 1267 4145 quinque
1311 4065 1586 4143 exempla
1629 4086 1704 4125 ex
1750 4066 2014 4152 Vergilii·
2042 4066 2309 4126 Aeneide
2353 4069 2568 4143 petita3
2628 4067 2701 4128 cf.
2746 4088 2795 4127 s.
2838 4073 2881 4127 t.
2928 4067 2999 4126 de
3043 4068 3349 4144 aphaeresi
3396 4067 3571 4146 (Aen.
3606 4073 3660 4142 6,
3696 4070 3874 4148 620),
3922 4070 3994 4129 de
4038 4073 4165 4148 epi·

589 4170 776 4247 synal.
822 4167 919 4247 (A.
953 4173 1009 4241 6,
1047 4166 1210 4243 803),
1258 4167 1329 4226 de
1375 4169 1688 4246 synaliphe
1734 4169 1832 4246 (A.
1869 4174 1926 4241 9,
1964 4167 2042 4244 1),
2087 4171 2159 4229 de
2203 4169 2481 4246 ecthlipsi
2525 4169 2623 4247 (A.
2662 4175 2713 4245 1,
2749 4171 2828 4248 3),
2874 4170 2947 4229 de
2993 4171 3304 4230 metathesi
3351 4171 3449 4246 (A.
3487 4173 3581 4244 10,
3617 4169 3785 4248 394).

857 4269 964 4347 34)
1006 4269 1234 4329 fontem
1276 4271 1621 4347 primarium
1666 4290 1993 4347 graecum
2037 4272 2222 4332 fuisse
2267 4272 2463 4333 elucet
2504 4291 2583 4330 ex
2624 4271 2895 4332 terminis
2938 4272 3181 4348 graecis.
3244 4273 3461 4353 quibus
3491 4291 3634 4332 vero
3669 4277 4035 4350 temporibus
4061 4278 4165 4338 ille

598 4377 803 4433 auctor
861 4372 1166 4449 scripserit
1223 4373 1530 4447 definitur,
1591 4375 1750 4454 quod
1794 4375 1952 4452 apud
1995 4375 2349 4454 Dionysium
2393 4375 2681 4434 Thracem
2726 4379 2813 4448 et,
2876 4375 2978 4455 qui
3033 4375 3212 4435 huius
3270 4380 3395 4434 arte
3450 4377 3832 4450 grammatica
3869 4397 4013 4438 usus
4056 4387 4165 4456 est,

599 4474 925 4533 Varronem
967 4476 1040 4533 de
1086 4475 1482 4550 grammaticis
1525 4476 1732 4553 figuris
1790 4477 1944 4536 nihil
2001 4477 2327 4553 reperitur,
2388 4477 2599 4536 Verrio
2642 4476 2857 4536 Flacco
2916 4482 3112 4536 autem
3166 4477 3315 4536 haec
3370 4477 3641 4537 doctrina
3696 4483 3839 4538 nota
3888 4479 4007 4541 fuit
4061 4483 4162 4559 (cf.

593 4595 774 4653 supra
801 4575 998 4636 adnot.
1025 4577 1148 4653 28).
1217 4583 1280 4637 et
1309 4579 1754 4653 grammaticum
1789 4581 1957 4640 illum
1991 4599 2282 4657 graecum,
2330 4582 2434 4661 qui
2464 4571 2613 4640 ‘arti’
2645 4579 2973 4640 doctrinam
3008 4579 3080 4638 de
3116 4579 3321 4656 figuris
3364 4581 3668 4654 adnexuit,
3712 4579 4162 4660 Tryphonem

594 4679 777 4739 fuisse
809 4677 1030 4738 conicit
1058 4678 1468 4756 Kiesslingius.
1513 4715 1597 4726 -—
1641 4683 1745 4742 sed
1787 4703 1912 4744 non
1955 4682 2146 4743 solum
2188 4683 2324 4743 fons
2368 4683 2689 4760 primarius
2726 4682 2903 4742 facile
2942 4682 3336 4758 cognoscitur,
3380 4683 3481 4741 sed
3525 4682 3705 4743 etiam
3748 4703 3975 4744 summo
4020 4706 4161 4746 con-

593 4801 772 4844 sensu
815 4779 1221 4856 exemplorum
1261 4781 1581 4843 latinorum
1626 4783 1904 4864 (Vergil.)
1945 4786 2242 4846 indicatur
2282 4785 2507 4846 latinus
2549 4785 2993 4861 grammaticus,
3058 4784 3161 4863 qui
3206 4785 3535 4845 doctrinam
3577 4786 3943 4860 grammatici
3999 4786 4161 4849 illius

590 4884 788 4960 graeci
825 4883 892 4942 in
933 4881 1198 4957 linguam
1239 4883 1486 4945 latinam
1529 4888 1850 4960 transtulit,
1895 4889 2182 4968 cuiusque
2226 4888 2380 4948 libro
2426 4887 2861 4964 technographi
2903 4886 3076 4948 latini
3119 4887 3211 4951 usi
3254 4893 3410 4947 sunt.
3500 4887 3635 4966 quis
3676 4905 3819 4948 vero
3864 4887 4014 4948 alius
4055 4891 4161 4950 ille

587 4986 1004 5065 grammaticus
1030 4983 1252 5045 latinns
1280 4985 1465 5048 fuisse
1497 4995 1698 5067 potest
1727 4989 1846 5051 nisi
1882 4990 1986 5072 qui
2017 4991 2243 5068 primus
2276 4993 2351 5051 ad
2382 4991 2689 5069 exemplar
2718 4981 2899 5052 ‘artis'
2937 4990 3276 5068 Dionysii
3309 4989 3461 5050 Thr.
3497 4994 3683 5050 artem
3716 4991 4163 5066 grammaticam

3506 5115 3540 5167 3
