4817 5934
2169 651 2276 664 .-..
2377 615 2427 688 5
2531 651 2635 664 ..-

869 813 1116 894 Quibus
1157 811 1558 896 interpositis
1599 827 1769 878 nunc
1812 817 2166 894 sequantur
2208 811 2433 879 Scauri

1657 1019 1790 1092 VI.
1894 1019 2114 1092 Artis
2161 1019 2710 1112 grammaticae
2760 1017 3155 1112 reliquiae.

875 1173 974 1238 12.
1043 1173 1194 1236 Ars
1237 1175 1340 1236 est
1382 1169 1690 1252 cuiusque
1731 1169 1826 1235 rei
1869 1168 2142 1235 scientia
2183 1188 2308 1235 usu
2345 1168 2449 1234 vel
2493 1167 2840 1235 traditione
2880 1173 3201 1250 suscepta.

4297 1181 4373 1232 De
4406 1185 4537 1232 arte.

873 1290 971 1355 13.
1036 1288 1354 1354 Littera
1411 1295 1513 1354 est
1555 1288 1730 1354 vocis
1787 1287 1926 1354 eius
1985 1305 2150 1370 quae
2193 1287 2386 1353 scribi
2429 1292 2650 1369 potest
2690 1283 2912 1353 forma.
3000 1286 3490 1352 elementum
3535 1291 3639 1353 est
3681 1285 3945 1352 minima
3986 1287 4086 1352 vis
4132 1293 4198 1354 et
4236 1302 4312 1351 no
4332 1302 4599 1353 namet

609 1406 1020 1475 indivisibilis
1065 1407 1338 1472 materia
1378 1406 1554 1472 vocis
1599 1405 1980 1473 articulatae
2022 1406 2126 1473 vel
2168 1405 2673 1487 uniuscuiusque
2714 1407 2810 1472 rei
2850 1405 3121 1487 initium,
3163 1424 3206 1471 a
3247 1424 3375 1488 quo
3420 1406 3694 1470 sumitur
3735 1405 4197 1473 incrementum

613 1534 681 1594 et
724 1527 791 1594 in
836 1527 1007 1609 quod
1048 1525 1405 1591 resolvitur.

4282 1388 4553 1438 elemento.

873 1647 972 1712 14.
1034 1645 1312 1710 Oratio
1358 1649 1461 1710 est
1503 1662 1615 1710 ore
1657 1645 1862 1711 missa
1905 1650 1972 1709 et
2012 1661 2131 1726 per
2173 1642 2490 1710 dictiones
2533 1642 2832 1708 ordinata
2872 1642 3327 1724 pronuntiatio.
3414 1644 3619 1710 oratio
3680 1649 3898 1710 autem
3941 1643 4198 1710 videtur
4236 1660 4311 1709 no
4345 1661 4598 1710 oratione.

619 1764 796 1831 dicta
825 1763 1010 1847 quasi
1042 1762 1369 1829 orisratio
1415 1762 1514 1828 vel
1549 1781 1589 1828 a
1617 1762 1869 1829 Graeca
1912 1762 2177 1846 origine,
2221 1755 2362 1828 ἀπὸ
2390 1765 2507 1827 τοῦ
2534 1753 2839 1848 ὀαρίζειν,
2882 1762 3005 1828 hoc
3049 1767 3151 1828 est
3182 1761 3615 1828 sermocinari.
3676 1764 3849 1829 unde
3877 1762 4197 1834 Homerus

619 1883 721 1969 (Il.
768 1884 868 1964 10,
920 1882 1098 1969 128):
1143 1873 1480 1966 ὀαρίζετον
1520 1873 1916 1970 ἀλλήλοισιν.

871 2003 970 2067 15.
1036 2001 1322 2069 Diomed.
1365 2020 1427 2083 p.
1457 1995 1615 2082 300,
1659 2003 1774 2066 26:
1818 2000 2102 2066 Partes
2146 2000 2555 2067 orationis
2602 2004 2755 2065 sunt
2797 2006 2975 2081 octo,
3019 2018 3250 2066 nomen
3295 2018 3645 2083 pronomen
3690 2000 3952 2066 verbum
3998 2001 4199 2084 parti-
4245 2017 4320 2066 no
4352 2016 4595 2080 partibus

612 2121 846 2204 cipium
892 2119 1263 2186 adverbium
1308 2121 1668 2186 coniunctio
1711 2119 2108 2203 praepositio
2149 2111 2545 2199 interiecti03
2590 2119 2883 2185 Scauro
2926 2119 3181 2184 videtur
3226 2124 3294 2186 et
3336 2119 3705 2203 appellatio.

4283 2103 4555 2152 erationis.

875 2241 975 2308 16.
1046 2239 1334 2306 Diomed.
1365 2240 1511 2322 320,
1544 2240 1653 2305 14:
1701 2239 2030 2305 Scaurus
2077 2237 2411 2318 dissentit;
2456 2242 2722 2320 separat
2764 2237 2931 2303 enim
2976 2257 3021 2303 a
3059 2238 3318 2304 nomine
3362 2237 3859 2322 appellationem
3905 2244 3969 2305 et
4010 2257 4197 2305 voca·
4246 2257 4323 2306 no
4357 2257 4581 2315 nomino,

612 2357 850 2424 bulum.
938 2364 1004 2422 et
1047 2365 1149 2424 est
1190 2358 1418 2424 horum
1461 2359 1632 2424 trina
1677 2356 1960 2424 definitio
2004 2357 2188 2424 talis:
2253 2375 2349 2422 no
2370 2375 2533 2422 men
2592 2362 2695 2422 est
2753 2374 2879 2438 quo
2936 2357 3096 2422 deus
3153 2362 3267 2422 aut
3321 2357 3513 2424 homo
3559 2357 3820 2441 propria
3862 2359 4199 2425 dumtaxat
4234 2342 4604 2405 ⁸99⁹¹¹⁸¹²¹⁰¹²⁰⁹

613 2477 1159 2544 discriminatione
1203 2477 1588 2558 enuntiatur,
1631 2495 1775 2542 cum
1820 2477 2053 2542 dicitur
2091 2475 2202 2542 ille
2246 2476 2509 2558 Iupiter,
2551 2475 2655 2541 hic
2700 2475 2949 2557 Apollo,
2992 2475 3144 2541 item
3191 2476 3352 2542 Cato
3394 2477 3539 2558 iste,
3584 2478 3686 2542 hic
3721 2477 3979 2544 Brutus.
4066 2497 4202 2561 ap-

612 2596 960 2679 pellatio
1015 2615 1267 2682 quoque
1308 2603 1412 2662 est
1456 2597 1806 2662 communis
1852 2595 2153 2661 similium
2199 2613 2411 2660 rerum
2457 2593 2811 2659 enuntiatio
2858 2595 3072 2678 specie
3116 2595 3415 2676 nominis,
3474 2602 3548 2662 ut
3589 2597 3779 2662 homo
3826 2597 3923 2662 vir
3964 2597 4203 2664 femina

613 2716 1002 2798 mancipium
1054 2717 1154 2783 leo
1209 2724 1453 2783 taurus,
1539 2716 1660 2783 hoc
1720 2715 1887 2781 enim
1944 2715 2155 2781 animo
2212 2712 2603 2794 auribusque
2644 2712 2964 2779 audientis
3010 2713 3299 2779 adfertur
3342 2714 3709 2782 animalium
3754 2734 3901 2782 esse
3944 2715 4200 2799 quidem

615 2833 744 2898 duo
804 2840 1051 2900 tantum
1112 2854 1377 2916 genera,
1444 2837 1558 2901 sed
1623 2837 1763 2901 sine
1826 2835 2090 2917 speciali
2152 2832 2715 2900 discriminatione.
2802 2851 2950 2898 nam
2996 2851 3114 2898 nec
3157 2832 3301 2916 quis
3346 2834 3534 2899 homo
3594 2852 3711 2900 nec
3754 2835 3896 2918 quis
3942 2835 4040 2901 vir
4083 2853 4200 2903 nec

615 2970 782 3034 quae
835 2952 1072 3019 femina
1124 2971 1241 3019 nec
1298 2956 1470 3035 quod
1526 2954 1907 3036 mancipium
1966 2971 2086 3019 nec
2141 2953 2348 3036 qualis
2390 2953 2494 3017 leo
2538 2957 2848 3018 tantusve
2893 2958 2994 3018 est
3034 2952 3353 3019 definitur.
3442 2953 3860 3036 appellationi
3904 2955 4201 3022 accidunt

615 3071 841 3136 eadem
871 3071 1008 3138 fere
1033 3090 1201 3154 quae
1229 3080 1298 3138 et
1327 3073 1583 3138 nomini.
1669 3073 1826 3138 item
1870 3071 2342 3138 vocabulum
2388 3074 2492 3135 est
2524 3088 2649 3152 quo
2692 3089 2798 3136 res
2842 3070 3221 3138 inanimales
3257 3071 3431 3138 vocis
3478 3071 3942 3154 significatione
3985 3075 4201 3157 specie

617 3245 772 3304 male
815 3252 1098 3323 excerpta
1141 3253 1232 3306 est
1275 3266 1354 3304 ex
1387 3245 1464 3304 iis
1503 3264 1656 3325 quae
1693 3246 1847 3320 apud
1881 3244 2166 3303 Scaurum
2197 3243 2269 3300 de
2301 3242 2600 3302 adverbiis
2629 3243 2933 3318 localibus,
2980 3263 3057 3304 ex
3086 3244 3150 3302 in
3182 3245 3253 3303 ad
3284 3245 3377 3318 ab,
3424 3247 3699 3324 exposita
3727 3255 3869 3309 sunt
3912 3249 3991 3325 (p.
4028 3253 4125 3322 29,
4160 3253 4197 3306 3

613 3353 802 3420 -30,
846 3347 964 3426 17),
1009 3367 1147 3426 pars
1190 3350 1273 3425 (p.
1302 3352 1402 3420 31,
1442 3347 1630 3424 1—6)
1675 3353 1874 3406 utrum
1920 3345 2240 3405 Scauriana
2283 3344 2362 3404 sit
2403 3361 2592 3404 necne
2637 3344 2752 3404 dici
2798 3346 3025 3426 nequit.

882 3455 974 3508 12.
1038 3449 1200 3525 Serg.
1247 3450 1406 3527 expl.
1464 3450 1530 3508 in
1585 3449 1801 3508 Donat.
1850 3453 2006 3522 486,
2056 3452 2126 3506 9:
2189 3446 2443 3506 Scaurus
2499 3465 2643 3506 vero
2704 3447 2846 3508 hinc
2905 3448 3137 3525 coepit:
3199 3468 3295 3509 ars
3340 3493 3355 3508 .
3391 3494 3405 3509 .
3439 3494 3453 3509 .
3500 3457 3789 3527 suscepta.
3880 3452 3953 3511 cf.
3999 3449 4195 3510 Servii

617 3573 824 3613 comm.
861 3554 927 3612 in
957 3553 1113 3612 Don.
1145 3575 1202 3630 p.
1235 3557 1378 3626 405,
1414 3558 1450 3610 2
1480 3573 1570 3632 sq.
1614 3551 1886 3611 Diomed.
1920 3555 2060 3624 421,
2094 3554 2151 3608 4.
2197 3549 2457 3608 Audacia
2490 3557 2753 3626 excerpt.
2785 3548 2883 3609 Gr.
2913 3550 3013 3610 lat.
3046 3550 3182 3625 VII,
3228 3569 3287 3628 p.
3322 3555 3463 3625 320,
3500 3557 3565 3628 5;
3608 3552 3751 3613 ibid.
3784 3552 3969 3612 Keilii
3999 3554 4197 3612 adnot.

883 3659 975 3713 13.
1042 3655 1310 3715 Diomed.
1346 3660 1488 3729 421,
1531 3659 1634 3714 16:
1678 3654 1932 3714 Scaurus
1963 3653 2048 3712 sic
2080 3670 2208 3710 eam
2240 3651 2485 3710 definit:
2525 3651 2727 3711 littera
2769 3695 2786 3711 .
2816 3696 2830 3710 .
2864 3696 2879 3711 .
2914 3695 2928 3710 .
2972 3651 3309 3714 resolvitur.
3374 3655 3445 3714 cf.
3476 3655 3640 3730 Serg.
3676 3655 3834 3732 expl.
3864 3675 3927 3732 p.
3954 3660 4092 3730 535,
4126 3660 4198 3714 3:

611 3747 791 3817 ‘inter
813 3757 1173 3834 principium
1197 3765 1258 3817 et
1279 3757 1517 3817 initium
1538 3759 1653 3816 hoc
1673 3756 1947 3816 interestz
1977 3752 2336 3832 principium
2361 3758 2453 3813 est
2474 3753 2665 3830 prima
2687 3773 2824 3831 pars
2845 3752 3001 3826 libri,
3034 3760 3103 3814 ut
3132 3754 3334 3832 (Verg.
3357 3759 3429 3818 A.
3454 3760 3500 3829 1,
3520 3755 3581 3834 1)
3606 3789 3704 3831 —-,
3735 3757 3975 3818 initium
4000 3764 4195 3818 autem

615 3859 820 3940 aliqua
861 3877 997 3935 pars
1039 3858 1333 3935 incipiens
1376 3877 1412 3915 a
1455 3858 1658 3917 multis
1701 3858 1907 3917 modis.
1972 3857 2161 3916 unde
2205 3856 2531 3915 Scaurus
2572 3845 2909 3916 ‘initium
2951 3876 2990 3916 a
3034 3875 3177 3936 quo
3224 3857 3550 3918 s‘umitur
3591 3849 4197 3919 incrementum':

614 3982 651 4024 a
693 3980 952 4040 persona
991 3959 1256 4032 initium,
1302 3967 1370 4018 ιιι
1413 3960 1614 4038 (Verg.
1649 3964 1719 4019 A.
1758 3965 1852 4033 12,
1887 3960 2036 4036 653)
2079 3992 2194 4030 -,
2240 3977 2276 4016 a
2319 3962 2615 4034 potestate
2657 3977 2973 4035 personae,
3018 3965 3088 4019 ιιι
3131 3959 3334 4038 (Verg.
3374 3963 3449 4018 A.
3485 3963 3535 4034 1,
3571 3959 3676 4038 65)
3722 3995 3835 4036 -,
3882 3964 3957 4021 ab
4002 3962 4195 4021 excla-

613 4066 907 4138 matione,
953 4069 1021 4123 ut
1064 4061 1268 4140 (Verg.
1301 4066 1372 4121 A.
1405 4068 1462 4135 4,
1499 4061 1646 4140 590)
1691 4095 1807 4135 -,
1851 4082 1889 4121 a
1929 4068 2213 4138 tempore,
2258 4067 2329 4120 ut
2371 4058 2577 4136 (Verg.
2610 4066 2684 4119 A.
2716 4066 2772 4134 2,
2806 4060 2955 4136 268)
3000 4093 3113 4134 —,
3160 4069 3222 4120 et
3265 4062 3365 4140 (A.
3400 4065 3454 4136 3,
3499 4061 3643 4140 147)
3688 4097 3797 4136 -,
3846 4083 3881 4123 a
3924 4063 4084 4137 loco,
4129 4071 4201 4124 ut

615 4168 818 4244 (Verg.
851 4173 922 4224 A.
962 4171 1012 4239 1,
1046 4163 1197 4242 530)
1237 4197 1355 4237 —-,
1401 4183 1438 4224 a
1478 4164 1896 4236 similitudine,
1941 4170 2010 4224 ut
2053 4165 2255 4242 (Verg.
2287 4169 2359 4222 A.
2400 4166 2451 4234 1,
2485 4161 2636 4239 430)
2678 4195 2791 4236 ——,
2835 4180 2872 4222 a
2914 4163 3354 4237 cohortatione,
3398 4169 3469 4223 ut
3510 4163 3715 4242 (Verg.
3744 4170 3817 4225 A.
3851 4171 3907 4240 9,
3943 4166 4047 4242 36)
4090 4197 4195 4240 -—-,

619 4287 658 4328 a
699 4269 1129 4346 deprecatione,
1174 4273 1244 4326 ut
1287 4267 1490 4344 (Verg.
1522 4270 1593 4326 A.
1634 4271 1730 4340 10,
1765 4266 1914 4344 524)
1956 4299 2042 4310 —-
2083 4272 2148 4326 et
2189 4255 2434 4325 similia!
2484 4298 2571 4308 --
2614 4265 2687 4324 ef.
2733 4271 2795 4326 et
2820 4264 2985 4341 Serg.
3018 4264 3179 4342 expl.
3214 4266 3358 4339 487,
3394 4269 3487 4326 15.
3532 4268 3681 4328 Mar.
3714 4267 4001 4328 Victoria.
4044 4289 4102 4346 p.
4138 4275 4195 4342 4,

622 4375 723 4430 26.
785 4371 1043 4430 Audacia
1085 4378 1348 4446 excerpt.
1395 4389 1452 4447 p.
1490 4373 1631 4445 321,
1669 4374 1743 4428 14
1788 4369 1996 4449 ibique
2041 4367 2226 4428 Keilii
2267 4367 2473 4426 adnot.

883 4477 976 4531 14.
1043 4472 1312 4531 Diomed.
1361 4476 1502 4544 300,
1543 4476 1646 4531 19:
1703 4470 1958 4532 Scaurus
2014 4469 2126 4543 sic,
2189 4468 2377 4530 oratio
2423 4514 2437 4527 .
2470 4512 2485 4527 .
2519 4514 2533 4528 .
2566 4513 2580 4528 .
2625 4460 2973 4543 ἀλλήλοισιν.
3060 4469 3135 4530 cf.
3182 4469 3407 4531 Charis.
3452 4490 3509 4549 p.
3551 4475 3685 4546 152,
3727 4476 3817 4532 11.
3896 4475 4194 4552 Anonym.

621 4573 723 4634 Gr.
768 4573 870 4634 lat.
912 4575 962 4647 1,
998 4579 1137 4646 533,
1172 4578 1229 4632 2.
1290 4573 1526 4634 Dosith.
1571 4573 1670 4633 Gr.
1714 4573 1816 4634 lat.
1862 4573 2000 4647 VII,
2041 4577 2182 4645 389,
2217 4577 2252 4630 8
2277 4591 2366 4651 sq.

889 4680 980 4736 15.
1043 4675 1118 4734 cf.
1163 4679 1461 4752 Anonym.
1507 4675 1608 4736 Gr.
1651 4675 1754 4737 lat.
1800 4678 1847 4749 Ι,
1896 4679 2036 4748 533,
2077 4679 2147 4735 3:
2189 4673 2495 4735 Orationis
2536 4675 2737 4750 partes
2780 4676 2923 4732 sunt
2964 4677 3118 4748 octo,
3161 4693 3381 4735 nomen
3422 4694 3754 4752 pronomen
3798 4679 4047 4738 verbum
4092 4679 4193 4737 ad·

614 4778 888 4841 verbium
935 4777 1310 4853 participium
1354 4778 1713 4856 praepositio
1757 4777 2095 4838 coniunctio
2139 4775 2477 4837 interiectio
2493 4797 2509 4848 3
2556 4775 3005 4857 quibusdam
3049 4777 3363 4839 videtur
3405 4785 3479 4839 et
3520 4779 3962 4858 appellatio.

849 4883 976 4942 .16.
1025 4879 1097 4938 cf.
1143 4879 1357 4939 Donat.
1404 4882 1546 4953 373,
1577 4883 1644 4939 5:
1701 4899 1920 4940 nomen
1973 4881 2153 4940 nnius
2194 4879 2487 4954 hominis,
2545 4879 2870 4959 >appellatio
2913 4881 3264 4957 multorum,
3322 4884 3677 4945 vocabulum
3720 4903 3918 4944 rerum
3963 4892 4071 4946 est.
4106 4917 4193 4930 -—

616 4987 916 5062 Anonym.
958 4981 1068 5042 1.1.
1117 4985 1257 5054 533,
1289 4986 1358 5041 9:
1401 5000 1618 5042 nomen
1663 4982 1895 5056 dicitnr,
1941 4983 2100 5063 quod
2145 5026 2161 5043 .
2190 5027 2204 5041 .
2238 5027 2252 5042 .
2287 5028 2303 5044 .
2347 4979 2513 5062 παρὰ
2557 4973 2624 5041 td
2669 4973 2877 5058 ὄνομα.

4284 2427 4552 2476 vocabule.
