4817 5934
2193 623 2697 693 -34-

2276 820 2610 881 Diomedes.

905 1094 1181 1150 funerus-s
1229 1098 1417 1170 igitar
1461 1103 1593 1170 apte
1636 1097 1937 1151 convenire
1979 1099 2041 1153 et
2083 1093 2211 1152 sine
2254 1093 2423 1153 hiatu
2467 1096 2784 1154 verborum
2828 1092 3089 1154 construi
3134 1094 3336 1166 debet,
3379 1095 3537 1172 quod
3580 1113 3700 1154 non
3744 1094 3916 1154 aliter
3972 1096 4231 1156 efficitur

652 1214 829 1270 quam
877 1198 925 1250 si
973 1198 1149 1254 fuerit
1193 1198 1585 1254 shssrsstum.
1690 1196 1796 1254 sed
1840 1196 1984 1254 haec
2029 1195 2363 1259 observatio
2407 1196 2632 1271 duplex
2688 1201 2809 1255 est:
2872 1196 3086 1266 altera,
3148 1214 3301 1274 quae
3342 1197 3418 1255 ad
3460 1198 3642 1273 pedes
3686 1198 3970 1271 refertur,
4024 1198 4228 1272 altera,

652 1318 801 1374 quas
849 1298 921 1354 ad
969 1298 1532 1370 senprshsnsisnes,
1578 1317 1729 1376 quae
1769 1297 1937 1374 ipsae
1981 1297 2323 1357 efficiuntur
2367 1317 2445 1357 ex
2488 1299 2754 1374 pedibus.
2842 1287 2988 1358 item
3017 1316 3087 1354 ne
3112 1299 3504 1374 praecedentis
3535 1299 3698 1357 verbi
3721 1308 3979 1359 extrema
4013 1303 4227 1359 vocalis

652 1402 901 1454 :suasissem
941 1406 1185 1474 ,ss-swam
1233 1402 1445 1458 [sinist
1489 1399 1651 1458 verbi
1686 1403 1971 1477 sequentis
1992 1442 2008 1469 ,
2057 1406 2124 1459 ut
2167 1400 2220 1459 si
2264 1400 2426 1459 dicas
2466 1390 2620 1459 ‘aere
2664 1390 2824 1460 emit’
2843 1445 2859 1473 ,
2919 1391 3030 1458 ‘illi
3072 1391 3381 1458 incumbit’
3398 1445 3413 1472 ,
3472 1391 3618 1459 ‘fore
3650 1394 3860 1461 omnia’
3905 1408 3967 1462 et
3992 1402 4227 1466 similia.

648 1502 777 1558 hist
821 1502 977 1558 enim
1021 1502 1293 1562 iunctura
1313 1550 1329 1574 ,
1373 1522 1515 1578 sisne
1564 1504 1843 1560 structior-
1885 1503 2222 1581 pleniorque
2243 1502 2460 1579 fieret,
2511 1505 2568 1560 si
2612 1510 2986 1561 consonantes
3037 1500 3325 1559 vocalibus
3357 1501 3796 1578 adplicarentur
3814 1547 3832 1575 ,
3881 1494 4034 1564 ‘aere
4076 1523 4229 1563 mer-

648 1598 857 1674 satur'‚
901 1598 1006 1662 ‘illi
1053 1614 1213 1662 tutus*
1257 1596 1594 1676 incumbit',
1635 1596 1781 1664 ‘fore
1825 1598 2056 1663 cetera’.
2143 1605 2329 1679 magis
2372 1611 2569 1664 autem
2612 1610 2908 1665 structura
2951 1609 3147 1678 patet,
3204 1622 3336 1662 cum
3379 1603 3445 1662 in
3489 1623 3553 1663 se
3607 1604 3815 1679 longae
3857 1607 4093 1666 vocales
4134 1607 4227 1665 in·

648 1706 881 1778 sidunt,
929 1718 997 1766 ut
1037 1698 1281 1766 *messe
1309 1702 1674 1782 Aegypta&
1719 1700 1993 1784 ‘profugo
2044 1699 2308 1766 Aeneae’.
2396 1708 2503 1766 sed
2548 1709 2773 1767 habent
2816 1706 3109 1786 quendam
3153 1724 3425 1765 canorem
3467 1706 3971 1782 pronuntiationis
3994 1754 4009 1780 ,
4055 1710 4226 1788 quasi

648 1810 1057 1882 neglegentem
1105 1814 1393 1870 decorem.
1481 1811 1658 1886 'longa
1701 1810 1888 1885 magis
1924 1828 2057 1869 cum
2086 1811 2257 1868 brevi
2281 1810 2581 1885 iungitur,
2622 1802 2777 1868 ‘aere
2809 1800 2997 1880 emit’,
3038 1799 3149 1866 ‘illi
3178 1802 3467 1868 incubuit’
3488 1855 3503 1880 ,
3550 1828 3724 1887 quam
3751 1810 3803 1867 si
3834 1811 3982 1869 duae
4013 1812 4225 1869 breves

644 1914 993 1986 iungantur,
1037 1906 1189 1970 'ssi-s
1233 1906 1493 1982 exutus',
1547 1904 1727 1972 ‘arma
1767 1903 2020 1971 abiecit'.
2107 1911 2429 1988 plurimum
2472 1930 2616 1971 vero
2662 1910 3031 1972 auctoritatis
3075 1917 3138 1969 et
3191 1910 3469 1986 ponderis
3512 1912 3736 1970 habent
3777 1913 4016 1986 longae,
4072 1913 4225 1972 cele·

648 2014 842 2074 rit-stis
889 2018 1129 2086 breves,
1177 2038 1325 2094 quse
1369 2018 1417 2074 si
1469 2016 1789 2074 miscentur
1835 2014 2186 2093 quibusdam
2245 2013 2470 2089 longis,
2530 2022 2807 2085 currunt;
2862 2013 2914 2071 si
2958 2012 3411 2085 continuantur,
3467 2013 3755 2073 exultant.
3841 2032 4005 2072 acres
4069 2033 4223 2093 quae

648 2134 720 2174 ss
769 2118 1049 2176 brevibus
1093 2122 1165 2174 ad
1225 2118 1427 2190 longas
1489 2117 1831 2192 insurgunt,
1891 2116 2148 2175 leniores
2207 2135 2360 2194 quae
2403 2137 2437 2174 a
2498 2116 2689 2189 longis
2731 2114 2798 2173 in
2856 2117 3069 2174 breves
3115 2116 3495 2175 descendunt.
3587 2115 3809 2192 optime
3852 2115 4141 2192 incipitur
4184 2137 4221 2176 a

644 2222 869 2298 longis,
914 2230 1073 2278 rests
1117 2222 1433 2298 aliquando
1481 2240 1512 2279 a
1555 2219 1872 2290 brevibus,
1919 2223 1988 2278 ut
2027 2209 2268 2278 ‘novum
2311 2218 2536 2277 crimen
2579 2218 2648 2277 G.
2694 2212 2768 2276 0?
2818 2216 2963 2294 (Cic.
3008 2235 3117 2292 pro
3159 2217 3293 2293 Lig.
3338 2220 3449 2293 1.)‚
3508 2218 3702 2277 lenius
3745 2238 3781 2277 a
3825 2219 4084 2289 duabus,
4146 2226 4215 2277 ut

640 2314 1049 2382 ‘animadverti
1095 2318 1337 2382 iudisss'
1381 2322 1525 2394 (Uin.
1572 2341 1678 2400 pro
1722 2321 1952 2381 Cluent.
1997 2319 2073 2395 1).
2182 2321 2445 2381 clausula
2504 2340 2739 2399 quoque
2784 2340 2817 2379 e
2861 2319 3055 2395 longis
3114 2319 3451 2379 firmissima
3513 2326 3631 2392 est;
3689 2322 3792 2379 sed
3834 2320 4006 2379 venit
4048 2328 4110 2379 et
4151 2320 4218 2379 in

644 2426 873 2494 breves,
921 2426 1189 2504 quamvis
1233 2426 1518 2483 hah-satur
1559 2424 1908 2483 indifferens
1952 2422 2176 2481 ultima.
2264 2442 2460 2504 neque
2488 2423 2648 2482 enim
2692 2441 2800 2498 ego
2844 2422 3053 2498 ignoro
3097 2420 3164 2480 in
3207 2421 3327 2480 fine
3366 2441 3473 2498 pro
3506 2422 3682 2496 longa
3725 2423 3914 2497 accipi
3957 2423 4217 2494 brevem,

644 2530 785 2606 quia
825 2530 1065 2586 videtur
1109 2526 1333 2606 aliquid
1377 2526 1644 2586 ‘vacantis
1687 2525 1970 2601 temporis
2014 2543 2090 2584 ex
2135 2544 2237 2596 co,
2285 2527 2444 2604 quod
2487 2524 2856 2605 insequitur,
2900 2524 3193 2582 accedere.

620 2630 917 2706 ansgis-sss
969 2650 1185 2706 simque
1233 2642 1317 2686 sss
1369 2638 1425 2686 st
1481 2646 1795 2685 consonans
1841 2626 2015 2685 inlisa
2064 2626 2287 2697 vocali,
2350 2618 2589 2685 ‘bonum
2646 2617 2899 2695 aurum’,
2956 2617 3198 2685 ‘iustum
3253 2625 3411 2683 enim
3468 2617 3568 2685 est'
3636 2634 3698 2685 et
3756 2625 4006 2697 similia,
4068 2645 4219 2706 quae

636 2734 973 2790 deformant
1013 2734 1293 2790 orationis
1341 2730 1758 2806 iutsgritatem.
1841 2728 1986 2786 item
2031 2748 2106 2785 eat
2146 2728 2612 2796 consonantibus,
2669 2745 2816 2804 quae
2856 2730 2916 2785 in
2956 2747 3017 2784 se
3070 2727 3379 2786 incidentes
3425 2729 3669 2786 stridere
3718 2738 3775 2786 et
3824 2731 3996 2804 quasi
4026 2730 4227 2787 rixari

640 2838 921 2902 :fids-mss,
965 2834 1189 2894 sitands
1229 2838 1498 2890 issaar-s
1529 2840 1634 2902 est,
1685 2835 1753 2890 ut
1781 2820 2016 2889 ‘Sextus
2045 2822 2329 2901 Roscius',
2372 2820 2488 2886 ‘ors
2515 2820 2870 2898 studiorum’,
2926 2820 3053 2886 ‘rex
3080 2822 3344 2899 Xerxes’,
3392 2820 3580 2888 ‘error
3608 2821 3851 2888 Romuli'
3872 2828 3990 2905 ⁵⁶).
4072 2833 4218 2890 haec

636 2934 712 2994 ds
753 2937 953 2998 verbis
997 2958 1049 2998 s.
1093 2958 1149 3018 q.
1197 2958 1241 2994 s.
1285 2958 1341 3014 p.
1377 2934 1520 3007 467,
1567 2933 1905 3004 16-471,
1952 2937 2047 2992 29.

893 3086 1089 3150 Viciss
1138 3086 1333 3166 igitur
1393 3102 1516 3148 non
1577 3099 1785 3163 pauca
1843 3081 2035 3146 modo
2086 3079 2233 3145 hinc
2291 3078 2482 3143 modo
2539 3077 2715 3144 illinc
2770 3097 2846 3145 ex
2888 3080 3265 3158 Quintiliani
3318 3082 3483 3147 libro
3528 3101 3695 3149 nono
3740 3084 3944 3149 electa
3987 3089 4054 3146 et
4098 3085 4211 3144 aut

632 3206 805 3270 inter
849 3226 917 3270 ss
965 3206 1109 3286 ipss
1153 3206 1485 3270 coniuncta
1529 3205 1642 3268 aut
1696 3199 1842 3266 aliis
1884 3199 2110 3283 paucis
2167 3197 2565 3280 interpositis
2624 3197 2881 3280 prolata
2936 3216 3101 3266 esse.
3203 3218 3279 3265 ex
3337 3201 3417 3265 iis
3461 3220 3647 3281 vero,
3706 3218 3871 3280 quae
3914 3196 4205 3262 Diomedi

636 3346 777 3390 suni
821 3326 1217 3402 Quintiliane
1261 3320 1618 3386 communia
1660 3338 1784 3386 non
1833 3323 2016 3400 sunt,
2084 3317 2394 3385 nonnulla
2437 3317 2768 3383 iterantur
2812 3318 2987 3400 apud
3029 3318 3457 3384 Isidorum.
3561 3319 3775 3398 itaque
3817 3315 3881 3380 in
3926 3314 4047 3379 hoc
4098 3307 4202 3378 ‘de

632 3438 1101 3526 compositione*
1153 3446 1361 3522 sapite
1405 3459 1670 3522 prorsus
1716 3440 1938 3506 eadem
1984 3437 2362 3504 observatur
2405 3436 2571 3502 ratio
2619 3454 2693 3502 ac
2736 3455 2797 3518 p.
2831 3437 2979 3516 448,
3026 3437 3105 3501 12
3142 3453 3277 3517 sqq.
3325 3455 3374 3500 s.
3408 3440 3451 3499 t.
3494 3429 3595 3499 ‘de
3630 3429 4049 3515 gradatione’,
4092 3431 4203 3497 ubi

632 3566 973 3630 Diomedes
1037 3562 1185 3626 item
1245 3562 1477 3642 partim
1537 3577 1678 3625 cum
1746 3558 2173 3637 Quintiliane,
2246 3555 2482 3636 partim
2541 3573 2681 3620 curn
2741 3554 3024 3633 Isidoro,
3100 3553 3332 3633 partim
3392 3569 3531 3617 cum
3594 3557 3825 3617 neutro
3884 3551 4207 3618 consentit

628 3682 736 3766 (cf,
782 3682 961 3766 tab.)

881 3802 1021 3866 Hss
1077 3798 1389 3882 quomoda
1449 3795 1891 3878 explicandum
1951 3797 2098 3860 est?
2182 3793 2473 3860 Isidorus
2530 3790 2950 3874 exscripsitnc
3010 3790 3432 3856 Diomedem?
3517 3794 3583 3855 et
3639 3790 3988 3857 Diomedes
4050 3808 4198 3855 num

632 3922 949 4002 assei-psit
1007 3918 1217 4002 ipsum
1281 3915 1784 3994 Quintilianum?
1869 3930 2278 3992 consensum,
2339 3913 2450 3994 qui
2510 3911 2679 3977 inter
2737 3909 3056 3976 Isidorum
3120 3915 3187 3975 et
3230 3909 3605 3976 Diomedem
3648 3908 4012 3988 intercedit,
4079 3926 4205 3973 non

628 4042 777 4106 inde
825 4046 1029 4102 ortum
1077 4058 1253 4114 esse,
1301 4038 1469 4118 quud
1511 4033 1621 4099 ille
1664 4031 1852 4097 huius
1897 4037 2036 4097 arte
2082 4031 2502 4113 grammatica
2547 4048 2703 4096 usus
2748 4029 2869 4111 sit,
2914 4028 3067 4095 mihi
3104 4048 3486 4110 persuasum
3533 4033 3651 4094 est.
3739 4026 3989 4093 etiamsi
4034 4026 4203 4090 enim

628 4158 965 4238 episcopus
1013 4158 1401 4238 hispalensis
1445 4154 1506 4218 in
1551 4152 1746 4217 rebus
1804 4148 2202 4232 explicandis
2260 4149 2694 4232 grammaticis
2755 4153 3012 4230 praeter
3054 4148 3410 4228 Donatum,
3466 4164 3653 4230 quem
3711 4143 3999 4226 pluribus
4043 4143 4203 4209 locis

624 4278 825 4362 (Oi-ig.
869 4278 917 4354 Ι,
965 4278 1041 4354 ss;
1085 4278 1185 4354 33,
1221 4278 1297 4354 4;
1345 4274 1445 4350 35³,
1485 4273 1537 4337 1.
1602 4270 1683 4350 11,
1726 4270 1830 4350 21,
1866 4270 1934 4351 1)
1993 4268 2281 4334 nominat
2338 4273 2406 4333 et
2463 4284 2732 4350 quocum
2797 4266 3000 4332 multo
3062 4267 3325 4347 saepius
3389 4264 3473 4330 ad
3533 4262 3795 4327 verbum
3858 4262 4200 4344 conspirat,

624 4398 889 4462 aliarum
937 4414 1189 4478 qusque
1249 4388 1803 4474 grammaticorum
1846 4387 2026 4453 libris
2081 4404 2240 4452 usus
2284 4392 2419 4466 est,
2474 4385 2802 4451 Diomedis
2860 4391 3072 4450 tamen
3114 4377 3358 4448 ‘artem’
3422 4379 3795 4447 adhibuisse
3854 4386 4203 4462 propterea

889 4590 989 4662 55]
1033 4590 1109 4646 ss.
1157 4594 1217 4642 st
1277 4581 1524 4646 Quintil.
1557 4579 1686 4653 IX,
1728 4585 1798 4652 4,
1844 4580 1953 4638 37:
2015 4570 2294 4639 ‘ceterum
2338 4581 2728 4636 consonantes
2771 4593 3035 4654 quoque,
3095 4590 3415 4652 earumque
3472 4571 3791 4648 praecipue
3850 4591 4002 4652 quae
4060 4577 4202 4632 sunt

620 4690 977 4766 asperiores,
1021 4689 1085 4746 in
1129 4686 1508 4746 sommissura
1547 4683 1864 4743 verborum
1904 4683 2202 4751 m'oeonttw,
2251 4685 2321 4739 ut
2362 4679 2416 4738 si
2449 4697 2479 4737 s
2522 4677 2733 4737 ultima
2773 4695 2907 4735 cum
2937 4695 2982 4732 x
3016 4673 3288 4750 proxima
3330 4673 3633 4750 confligat,
3679 4693 3928 4753 quarum
3968 4673 4198 4734 tristior

620 4794 833 4862 stiam,
877 4790 925 4850 si
973 4790 1149 4846 sinas
1193 4786 1572 4859 sia-limantur,
1631 4783 1849 4842 stt-Mor
1891 4786 2014 4855 est,
2057 4785 2126 4841 ut
2164 4771 2286 4840 ‘ars
2326 4769 2681 4839 studiorum'.
2723 4808 2809 4821 —
2868 4774 3052 4836 simili
3092 4777 3267 4835 modo
3310 4776 3489 4836 etiam
3532 4774 3597 4834 iu
3625 4776 4014 4856 sequentibus
4041 4778 4200 4852 apud

624 4894 969 4950 Diomedem
1017 4890 1185 4950 nohis
1229 4894 1544 4950 assui-runt
1585 4884 1947 4950 Quintiliani
2001 4881 2284 4958 vestigia,
2325 4888 2395 4942 ut
2436 4901 2495 4958 p.
2531 4880 2677 4952 467,
2722 4883 2799 4938 23
2837 4896 2958 4958 sq.:
3017 4878 3222 4939 Cicero
3277 4878 3344 4939 in
3386 4877 3720 4938 Antonium
3758 4868 4039 4938 ‘vomens’
4082 4885 4196 4937 cet.

620 4998 700 5054 cf.
749 4994 1001 5058 Quintil,
1037 4994 1149 5066 lx,
1193 4998 1253 5066 4,
1301 4998 1409 5066 44;
1457 4989 1725 5050 Diomed.
1762 4990 1907 5060 468,
1957 4990 2019 5046 1:
2065 4981 2276 5044 Omnis
2315 4987 2515 5043 autem
2557 4985 2854 5042 structura
2894 4985 3006 5043 cet.
3050 4981 3126 5042 cf.
3172 4978 3381 5045 Quint.
3426 4981 3466 5041 1.
3511 4980 3551 5040 1.
3598 4985 3717 5041 45:
3761 4979 3969 5040 Omnis
4009 4983 4199 5039 struc-
