4817 5934
609 829 799 898 rebus
844 830 1166 896 Admonet
1211 828 1646 911 admiscetque
1689 847 1933 912 preces.
2021 829 2195 894 haud
2236 828 2310 892 fit
2351 846 2548 909 mora,
2590 828 2882 894 Tarchon
2914 829 3132 910 Iungit
3176 847 3331 911 opes
3375 827 3727 910 foedusque
3770 823 3931 894 ferit'
3978 829 4079 913 (V.
4111 832 4187 894 A.

613 952 710 1030 10,
743 949 864 1015 149
897 949 1081 1034 sqq).

862 1069 920 1135 5.
1010 1067 1424 1150 syllepsis
1471 1076 1571 1133 est
1607 1067 2011 1132 dissimilium
2058 1067 2485 1132 clausularum
2531 1085 2646 1148 per
2678 1084 2871 1130 unum
2905 1067 3170 1160 verbum-q
3209 1065 3651 1148 conglutinata
3696 1066 4043 1149 concepti0,
4088 1071 4182 1132 ut:

609 1181 726 1253 ‘hic
769 1187 942 1252 illius
991 1204 1186 1267 arma,
1229 1185 1351 1252 Hic
1395 1205 1616 1252 currus
1659 1181 1796 1252 fuit'
1843 1186 1946 1269 (V.
1977 1188 2051 1250 A.
2087 1187 2144 1265 1,
2177 1186 2304 1268 16).

869 1309 928 1372 6.
1015 1305 1540 1387 Anadiplosis
1586 1309 1687 1371 est
1719 1305 2184 1386 congeminatio
2231 1304 2527 1369 dictionis
2574 1323 2651 1369 ex
2696 1305 2917 1369 ultimo
2962 1304 3101 1369 loco
3146 1305 3591 1385 praecedentis
3638 1323 3861 1370 versus
3908 1310 3974 1370 et
4017 1305 4189 1387 prin-

613 1425 778 1506 cipio
824 1425 1166 1506 sequentis,
1210 1429 1305 1489 ut:
1347 1419 1658 1506 ‘sequitur
1698 1422 2162 1506 pulcherrimus
2207 1424 2426 1504 Astur,
2462 1425 2661 1488 Astur
2705 1440 2867 1504 equo
2911 1418 3132 1488 fidens’
3177 1423 3279 1507 (V.
3313 1426 3383 1488 A.
3420 1426 3518 1504 10,
3552 1425 3675 1490 180
3706 1425 3849 1508 sq).

870 1544 926 1607 7.
1017 1529 1440 1624 Anaphora
1499 1547 1599 1609 est
1638 1542 1867 1608 relatio
1916 1542 2199 1608 eiusdem
2247 1542 2431 1607 verbi
2476 1561 2592 1624 per
2634 1541 2949 1624 principia
2992 1560 3287 1606 versuum
3333 1542 3779 1624 plurimorum,
3840 1549 3940 1607 ut:
3997 1539 4188 1625 ‘nate,

609 1680 792 1727 meae
835 1663 1034 1744 vireS,
1081 1681 1222 1728 mea
1265 1679 1498 1744 magna
1541 1661 1834 1744 potentia
1879 1662 2084 1742 solue,
2129 1661 2297 1726 Nate
2341 1661 2548 1743 patris
2594 1661 2850 1740 summi,
2909 1661 3017 1742 qui
3060 1661 3191 1727 tela
3234 1661 3535 1744 Typhoea
3580 1655 3829 1728 temnis’
3888 1662 3988 1745 (V.
4022 1666 4093 1727 A.
4130 1667 4187 1744 1,

613 1782 739 1847 664
770 1781 913 1866 sq.).

866 1901 922 1965 8.
1011 1899 1560 1983 Epanalepsis
1606 1904 1708 1965 est
1748 1900 1922 1965 verbi
1967 1900 2032 1964 in
2065 1898 2375 1982 principio
2420 1917 2646 1964 versus
2690 1899 2883 1981 positi
2928 1899 2993 1964 in
3028 1900 3315 1965 eiusdem
3353 1899 3479 1964 fine
3516 1899 3832 1980 repetiti0,
3880 1907 3975 1966 ut:
4017 1896 4188 1966 ‘ante

614 2019 806 2083 etiam
852 2025 1172 2100 sceptrum
1218 2018 1466 2084 Dictaei
1509 2019 1680 2101 regis
1726 2025 1792 2084 et
1837 2012 2002 2085 ante'
2046 2019 2152 2100 (V.
2182 2018 2259 2082 G.
2291 2019 2349 2098 2,
2380 2017 2555 2100 536).

863 2139 925 2202 9.
1013 2138 1452 2219 Epizeuxis
1500 2142 1600 2204 est
1645 2138 1932 2204 eiusdem
1977 2136 2156 2203 verbi
2197 2137 2263 2202 in
2303 2138 2525 2202 eodem
2560 2155 2749 2203 versu
2796 2137 2933 2203 sine
2966 2136 3181 2218 aliqua
3216 2137 3519 2203 dilatione
3554 2139 4038 2222 congeminatio,
4082 2145 4187 2204 ut:

607 2248 742 2335 ‘me,
790 2273 910 2336 me,
956 2257 1182 2322 adsum
1230 2257 1338 2339 qui
1381 2257 1518 2337 feci,
1563 2257 1628 2322 in
1672 2275 1774 2322 me
1819 2257 2170 2322 convertite
2213 2256 2469 2336 ferrum,
2515 2257 2568 2320 O
2600 2255 2837 2337 Rutuli,
2882 2275 3023 2321 mea
3066 2255 3243 2321 fraus
3290 2251 3510 2322 omnis'
3554 2257 3657 2339 (V.
3690 2262 3763 2323 A.
3796 2260 3855 2339 9,
3885 2259 4061 2341 425).

869 2376 967 2444 10.
1055 2375 1648 2442 Paronomasia
1691 2382 1792 2442 est
1835 2375 2034 2441 veluti
2090 2377 2399 2457 quaedam
2446 2374 2911 2455 denominati0‚
2971 2380 3043 2440 ut
3087 2380 3187 2441 est
3232 2376 3402 2458 apud
3448 2377 3814 2442 Terentium
3874 2378 4095 2462 (Andr.
4136 2381 4195 2460 1,

609 2495 669 2574 3,
703 2495 845 2570 13):
889 2489 1054 2561 ‘nam
1101 2496 1376 2579 inceptio
1423 2501 1524 2561 est
1569 2495 1934 2576 amentium,
1975 2495 2133 2559 haut
2177 2488 2560 2560 amantium’.

874 2617 969 2680 11.
1061 2615 1390 2681 Schesis
1451 2620 1859 2681 onomaton
1920 2621 2022 2679 est
2080 2613 2423 2678 multitudo
2483 2614 2807 2679 nominum
2867 2616 3343 2680 coniunctorum
3401 2615 3677 2696 quodam
3733 2615 3953 2681 habitu
4001 2633 4191 2698 copu-

608 2732 804 2815 landi,
849 2738 950 2798 ut:
991 2731 1229 2800 ‘Marsa
1273 2751 1521 2816 manus,
1567 2733 1836 2816 Peligna
1881 2734 2126 2814 cohorS,
2169 2732 2441 2799 Vestina
2482 2733 2688 2798 virum
2730 2729 2846 2797 vis’
2891 2735 3079 2818 (Enn.
3127 2751 3270 2798 ann.
3318 2735 3376 2814 8,
3418 2733 3592 2818 280).

871 2855 969 2918 12.
1057 2853 1610 2918 Parhomoeon
1672 2860 1772 2920 est
1815 2871 1953 2918 cum
2001 2852 2080 2917 ab
2124 2851 2330 2916 isdem
2374 2851 2606 2917 litteris
2648 2852 2907 2918 diversa
2950 2853 3147 2918 verba
3190 2858 3554 2934 sumuntur,
3612 2859 3714 2918 ut:
3757 2848 3815 2919 ‘o
3860 2854 4004 2919 Tite
4048 2859 4188 2920 tute

611 2971 758 3036 Tati
807 2971 924 3036 tibi
966 2976 1152 3036 tanta
1194 2976 1464 3054 tyranne
1507 2967 1731 3038 tulisti’
1775 2972 1962 3053 (Enn.
2007 2989 2153 3036 ann.
2202 2973 2257 3052 1,
2305 2971 2481 3053 113).

873 3090 970 3156 13.
1058 3091 1795 3156 Homoeoteleuton
1845 3095 1948 3156 est
1991 3108 2132 3155 cum
2179 3090 2368 3155 simili
2413 3091 2604 3155 modo
2650 3090 2960 3157 dictiones
3004 3091 3315 3173 plurimae
3356 3091 3682 3174 finiuntur,
3727 3099 3800 3158 ut
3844 3093 4016 3176 apud
4060 3094 4189 3158 En-

611 3210 785 3275 nium
833 3209 1062 3292 (Iphig.
1109 3209 1226 3292 frg.
1257 3208 1359 3294 9):
1403 3203 1536 3275 ‘eos
1580 3209 1798 3276 reduci
1844 3228 2030 3291 quam
2078 3209 2366 3290 relinqui,
2409 3208 2636 3275 devehi
2681 3227 2871 3290 quam
2918 3209 3129 3275 deseri
3173 3205 3405 3275 Malui'.

875 3389 929 3443 5.
996 3384 1211 3444 Donat.
1255 3385 1398 3456 397,
1434 3389 1548 3442 23:
1607 3381 1896 3460 Syllepsis
1942 3430 1955 3442 .
1995 3431 2008 3442 .
2048 3427 2061 3442 .
2106 3383 2237 3443 fuit.
2325 3384 2441 3442 hoc
2484 3383 2721 3442 schema
2774 3383 2861 3441 ita
2903 3381 3022 3442 late
3065 3356 3258 3459 patet,
3321 3388 3391 3444 ut
3432 3383 3559 3442 fieri
3606 3385 3795 3446 soleat
3835 3406 3954 3445 non
4002 3387 4192 3446 solum

615 3506 721 3562 per
764 3491 963 3562 partes
1009 3486 1296 3546 orationis
1342 3487 1443 3546 sed
1489 3491 1550 3545 et
1591 3505 1699 3562 per
1743 3486 2072 3546 accidentia
2115 3485 2384 3562 partibus
2429 3484 2733 3545 orationis.
2819 3483 3087 3543 Diomed.
3120 3490 3261 3558 445,
3298 3491 3368 3544 3:
3413 3484 3534 3564 Syl.
3582 3507 3632 3544 e.
3670 3489 3739 3556 d„
3769 3507 3965 3548 rerum
4010 3494 4072 3550 et
4117 3489 4188 3548 cl.

669 3632 682 3645 .
717 3633 731 3646 .
773 3588 1100 3664 conceptio,
1188 3587 1331 3645 ibid.
1378 3592 1519 3660 444,
1563 3593 1672 3646 33:
1713 3579 1832 3647 ‘hic
1875 3587 1958 3646 ill.
2009 3632 2022 3645 .
2059 3633 2071 3644 .
2118 3579 2276 3647 fuit‘.
2365 3588 2574 3664 Pomp.
2622 3591 2763 3658 301,
2804 3591 2917 3657 283
2954 3592 3053 3656 36.
3114 3588 3255 3646 Isid.
3296 3593 3347 3660 1,
3386 3594 3484 3662 36,
3527 3593 3578 3646 5.

873 3697 927 3750 6.
999 3690 1217 3750 Donat.
1255 3695 1396 3762 398,
1438 3695 1502 3749 1:
1548 3690 1930 3766 Anadiplosis
1968 3736 1981 3747 .
2008 3737 2021 3748 .
2051 3734 2064 3747 .
2100 3690 2307 3749 fidens.
2369 3689 2642 3750 Diomed.
2679 3692 2818 3762 445,
2854 3695 2889 3746 9
2917 3709 3045 3769 sqq.
3106 3691 3311 3766 Pomp.
3350 3695 3489 3764 302,
3528 3696 3625 3750 30.
3688 3693 3849 3750 Beda
3883 3712 3939 3768 p.
3967 3698 4107 3766 609,
4134 3699 4191 3752 4.

873 3792 926 3850 7.
995 3792 1211 3852 Donat.
1255 3795 1396 3864 398,
1438 3797 1503 3848 5:
1548 3793 1872 3868 Anaphora
1917 3838 1929 3850 .
1972 3839 1986 3853 .
2024 3839 2034 3851 .
2079 3840 2091 3852 .
2135 3793 2368 3853 temnis.
2455 3792 2725 3851 Diomed.
2762 3795 2901 3865 445,
2952 3796 3057 3850 13:
3100 3793 3425 3869 Anaphora
3468 3837 3481 3850 .
3521 3840 3533 3852 .
3568 3839 3580 3852 .
3626 3794 3795 3852 verbi
3840 3800 3943 3854 aut
3984 3795 4194 3854 similis

614 3915 720 3973 per
765 3941 778 3955 .
815 3941 827 3954 .
866 3942 880 3955 .
925 3895 1158 3954 temnis·
1248 3894 1645 3970 Pomp..302,
1695 3898 1793 3952 35.
1857 3893 2000 3953 Isid.
2042 3899 2092 3968 1,
2132 3901 2230 3968 36,
2277 3900 2328 3952 8.
2396 3895 2538 3954 Bed.
2578 3899 2717 3966 609,
2766 3898 2861 3952 10.

871 4001 923 4056 8.
990 3998 1204 4056 Donat.
1245 4000 1387 4069 398,
1425 4001 1493 4054 9:
1537 3995 1927 4073 Epanalepsis
1974 4043 1987 4055 .
2019 4044 2031 4056 .
2067 4042 2081 4056 .
2115 4044 2126 4055 .
2175 4003 2236 4058 et
2279 4003 2435 4058 ante.
2479 3997 2748 4056 Diomed.
2783 4001 2923 4068 446,
2964 4003 3034 4055 6:
3080 4000 3216 4056 ante
3260 4043 3273 4056 .
3311 4042 3323 4054 .
3360 4041 3373 4054 .
3415 4001 3476 4057 et
3504 4001 3662 4057 ante.
3708 3998 3917 4075 Pomp.
3953 4004 4094 4073 303,
4137 4005 4190 4058 5.

609 4102 752 4162 Isid.
792 4106 843 4174 1,
883 4105 980 4173 36,
1021 4104 1113 4158 11.
1182 4098 1322 4157 Bed.
1359 4102 1500 4172 609,
1539 4103 1636 4158 19.

870 4209 924 4261 9.
989 4201 1209 4261 Donat.
1252 4205 1393 4273 398,
1440 4205 1542 4260 12:
1608 4201 1935 4277 Epizeuxis
1981 4248 1994 4261 .
2035 4245 2050 4260 .
2087 4247 2100 4260 .
2145 4201 2385 4261 ferrum.
2473 4201 2743 4261 Diomed.
2780 4206 2931 4274 446,
2976 4207 3044 4260 9:
3102 4201 3213 4277 Ep.
3259 4220 3309 4261 e.
3357 4219 3406 4260 e.
3451 4200 3727 4261 dictionis
3767 4203 3831 4260 in
3879 4250 3891 4262 .
3930 4248 3942 4261 .
3978 4248 3990 4260 .
4033 4249 4045 4260 .
4093 4222 4193 4278 ge·

612 4305 877 4379 minatio,
921 4311 990 4364 ut
1033 4324 1127 4363 me
1171 4323 1266 4362 me
1315 4349 1329 4362 .
1369 4349 1382 4360 .
1421 4349 1432 4361 .
1480 4303 1691 4363 omnis.
1779 4304 1986 4380 Pomp.
2026 4308 2167 4378 303,
2209 4309 2304 4363 10.
2362 4304 2504 4364 Isid.
2555 4308 2603 4377 1,
2640 4308 2737 4378 36,
2779 4309 2873 4363 10.
2933 4303 3073 4363 Bed.
3110 4308 3249 4377 609,
3284 4309 3382 4362 23.

874 4411 970 4467 10.
1035 4408 1252 4466 Donat.
1298 4411 1442 4479 398,
1487 4411 1594 4465 15:
1652 4407 2076 4466 Paronomasia
2122 4452 2134 4465 .
2177 4451 2190 4466 .
2232 4452 2244 4465 .
2292 4411 2386 4468 ut:
2457 4425 2591 4465 nam
2640 4451 2700 4464 ..
2738 4451 2750 4466 .
2787 4451 2802 4465 .
2848 4406 3188 4466 amantium.
3276 4405 3544 4465 Diomed.
3580 4411 3732 4478 446,
3771 4410 3877 4466 13;
3932 4407 4196 4466 Parono-

615 4509 800 4568 masia
845 4553 858 4568 .
894 4555 907 4568 .
942 4552 958 4569 .
1005 4509 1425 4569 denominatio,
1512 4509 1656 4568 ibid.
1700 4529 1756 4568 v.
1798 4513 1904 4569 18:
1947 4513 2018 4570 ιιι
2059 4514 2151 4569 eet
2195 4554 2208 4568 .
2244 4555 2257 4568 .
2297 4554 2311 4568 .
2350 4553 2366 4568 .
2413 4509 2752 4568 amantium.
2840 4510 3051 4585 Pomp.
3088 4513 3228 4582 303,
3271 4514 3365 4568 14.
3423 4509 3587 4569 Beda
3630 4512 3770 4582 609,
3811 4513 3910 4567 29.

878 4614 972 4670 11.
1038 4611 1252 4672 Donat.
1295 4616 1438 4684 398,
1475 4611 1582 4672 17:
1627 4611 1862 4671 Schesie
1909 4657 1920 4670 .
1959 4658 1973 4671 .
2010 4655 2024 4670 .
2069 4613 2178 4670 vis.
2237 4611 2509 4670 Diomed.
2551 4615 2691 4685 446,
2732 4615 2846 4670 26:
2891 4611 3089 4670 Marsa
3133 4653 3192 4668 ..
3234 4657 3248 4670 .
3291 4610 3401 4671 vie.
3466 4612 3672 4687 Pomp.
3717 4615 3857 4684 303,
3894 4615 3990 4670 21.
4052 4611 4193 4670 Isid.

621 4717 672 4787 1,
708 4718 806 4786 36,
855 4718 964 4772 13:
1007 4711 1241 4772 Schesis
1289 4759 1300 4771 .
1337 4759 1349 4771 .
1382 4759 1396 4772 .
1443 4714 1696 4794 quodam
1741 4714 1970 4774 ambitu
2013 4713 2299 4791 copulata.
2387 4714 2550 4773 Beda
2594 4718 2734 4787 610,
2771 4719 2827 4772 3.
4164 4765 4168 4770 ,

880 4820 974 4876 12.
1041 4816 1258 4876 Donat.
1305 4821 1446 4890 398,
1487 4821 1599 4876 2οε
1642 4817 2056 4876 Parhomoeon
2103 4863 2115 4874 .
2152 4862 2166 4875 .
2200 4860 2214 4874 .
2256 4860 2270 4875 .
2315 4816 2523 4876 tulisti.
2610 4817 2817 4893 Pomp.
2858 4821 2996 4890 303,
3032 4819 3131 4874 28.
3195 4817 3337 4876 Isid.
3380 4821 3430 4890 1,
3472 4821 3571 4890 36,
3616 4819 3705 4874 14.
3766 4815 3927 4875 Beda
3961 4819 4102 4887 610,
4136 4818 4192 4873 8.

881 4923 974 4978 13.
1043 4918 1260 4978 Donat.
1303 4922 1443 4992 398,
1485 4924 1598 4978 24:
1659 4919 2198 4980 Homoeoteleuton
2245 4963 2260 4976 .
2293 4961 2309 4978 .
2344 4963 2357 4976 .
2401 4923 2501 4978 ut:
2561 4937 2663 4979 eos
2710 4965 2723 4978 .
2758 4963 2775 4978 .
2816 4964 2827 4976 .
2874 4918 3074 4978 malui.
3162 4917 3433 4979 Diomed.
3474 4919 3594 4978 447
3610 4964 3626 4992 ,
3670 4923 3775 4978 112
3834 4918 4197 4978 Homoeote-

609 5019 816 5081 leuton
863 5066 876 5080 .
916 5065 930 5080 .
964 5066 978 5080 .
1022 5020 1242 5081 multae
1284 5019 1592 5080 finiuntur.
1678 5021 1822 5082 ibid.
1868 5042 1925 5082 v.
1960 5027 2028 5081 6:
2070 5027 2138 5081 ut
2182 5022 2338 5098 apud
2382 5067 2395 5080 .
2432 5064 2445 5079 .
2487 5066 2500 5081 .
2545 5021 2746 5080 malui.
2833 5021 2975 5080 Isid.
3020 5026 3069 5094 l,
3107 5026 3205 5095 36,
3246 5027 3350 5081 18.
