4817 5934
965 787 1313 847 Palaemona

2108 585 2623 657 ...13-

2196 784 2515 844 Diomedes
2528 806 2543 844 ε

1805 924 1938 981 item
1999 923 2237 999 itemque
2294 921 2424 980 sine
2482 925 2741 981 ceterum
2786 920 2931 979 alio·

1806 1023 1954 1102 quin
1986 1023 2198 1103 atquin
2233 1026 2379 1082 enim
2415 1024 2617 1080 etenim
2651 1023 2930 1080 enimvero

1806 1127 1942 1202 quia
2011 1135 2360 1204 quapropter
2426 1129 2665 1200 praeter
2728 1125 2932 1202 quippe

1804 1229 2068 1304 qnoniam
2097 1226 2581 1306 quoniamquidem
2614 1245 2755 1302 ergo
2782 1225 2893 1303 igi
2908 1260 2932 1271 -

1806 1336 1928 1390 tur
1988 1329 2112 1387 ideo
2184 1329 2440 1407 ideoque
2504 1328 2733 1387 scilieet
2791 1347 2933 1405 pro-

577 1454 816 1516 quare
862 1438 1225 1514 quapropter
1267 1433 1377 1510 igi
1397 1440 1519 1494 tur
1560 1453 1700 1508 ergo
1797 1440 2004 1509 pterea
2072 1448 2300 1511 quare
2367 1429 2646 1509 quocirca
2709 1430 2934 1510 quippe

576 1538 844 1617 itaque

1409 1639 1702 1718 quando

580 1739 775 1816 gravi
801 1745 1113 1813 accentu,
1145 1743 1497 1818 quatenus
1531 1759 1702 1820 quo-

578 1840 765 1901 niam
807 1841 1111 1922 ideoque
1157 1842 1702 1922 quoniamqui—

580 1943 728 2002 dem
751 1944 1702 2025 quandoquidemsiquidem.

578 2045 1050 2106 dictaeautem
1071 2046 1704 2107 suntratiocinati-

573 2165 726 2219 vae,
755 2149 941 2227 quod
965 2167 1309 2228 quamque
1331 2167 1476 2208 rem
1500 2167 1705 2224 prae-

575 2249 901 2326 positam
929 2250 1225 2310 ratione
1255 2249 1707 2312 confirmant

574 2351 653 2410 in
709 2353 906 2411 hunc
961 2353 1272 2411 modum.
1349 2342 1512 2413 ‘lux
1569 2360 1703 2428 est,

575 2452 832 2526 igitur
889 2453 1051 2513 dies
1113 2446 1269 2515 est’.
1351 2475 1513 2514 nam
1573 2456 1704 2516 hic

581 2555 987 2614 coniunxit
1026 2557 1422 2630 rationem,
1469 2557 1704 2616 lucem

578 2655 742 2714 ideo
775 2675 958 2731 esse,
1005 2659 1192 2738 quod
1223 2659 1320 2718 sit
1349 2660 1535 2731 dies,
1583 2678 1704 2718 seu

579 2758 774 2816 diem
801 2759 974 2819 ideo
1007 2780 1173 2820 esse
1205 2763 1399 2841 quod
1430 2761 1530 2822 sit
1557 2761 1703 2820 lux.

583 2863 725 2932 226,
747 2863 814 2920 3:
843 2861 1242 2924 inlativae:
1275 2881 1704 2942 quamquam

581 2962 918 3041 quamvis
951 2963 1098 3024 etsi
1130 2964 1458 3024 tametsi.
1522 2963 1704 3021 fini-

579 3063 825 3123 tivae:
872 3066 1025 3123 dum
1062 3071 1463 3144 postquam
1496 3071 1704 3124 ante—

580 3185 792 3247 quam
838 3171 1212 3247 quatenus
1254 3173 1323 3226 ut
1367 3187 1530 3238 cum,
1563 3159 1706 3224 ὅταν

581 3259 662 3336 ὥς
694 3269 982 3343 σημαίνει.
1045 3269 1148 3328 alii
1195 3269 1401 3328 dicunt
1443 3287 1592 3340 cum,
1636 3273 1706 3329 ut

579 3370 660 3430 sit
691 3389 809 3449 quo
842 3376 1146 3447 tempore:
1188 3391 1299 3448 per
1339 3371 1454 3430 hoc
1499 3375 1560 3429 et
1603 3370 1704 3428 ad-

577 3471 851 3530 verbium
931 3492 1060 3532 esse
1129 3479 1330 3550 potest
1401 3472 1702 3549 temporis.

583 3574 971 3648 optativae:
1029 3575 1294 3636 utinam
1337 3582 1414 3635 ut
1456 3594 1542 3634 ne
1584 3594 1704 3637 ve-

578 3674 724 3746 lim;
771 3677 1296 3739 subiunctivae:
1341 3697 1486 3738 cum
1531 3677 1589 3736 si
1636 3681 1706 3736 et

581 3796 757 3857 quae
803 3779 884 3837 ab
920 3797 999 3838 eo
1043 3781 1478 3856 compositae
1523 3787 1702 3852 sunt,

579 3879 874 3940 tametsi
941 3887 1384 3960 antequam
1449 3882 1704 3942 donec

579 3981 906 4061 quamvis
928 3982 1292 4042 dummodo
1316 3983 1704 4060 licetpost-

580 4101 782 4162 quam
836 4084 1253 4164 priusquam
1313 4085 1492 4158 dum,
1552 4104 1702 4145 cum

584 4201 706 4258 pro
739 4176 1018 4246 ‘donec'
1044 4186 1400 4262 accipitur
1428 4193 1549 4247 aut
1578 4206 1702 4264 pro

583 4273 1008 4348 ‘dummodo’.
1095 4307 1224 4349 nec
1283 4294 1350 4350 te
1408 4296 1702 4364 moveat,

587 4385 646 4444 si
685 4391 1015 4467 quaedam
1064 4405 1224 4450 esse
1255 4391 1592 4452 adverbia
1635 4396 1706 4450 et

583 4488 1137 4553 coniunctiones
1179 4493 1703 4569 recognoveris.

1806 1539 2017 1609 utpote
2093 1551 2236 1592 sane
2306 1531 2589 1592 videlicet
2664 1533 2932 1613 itaque

1808 1635 2081 1716 quamvis
2109 1634 2251 1694 licet
2280 1653 2657 1714 quamquam,
2702 1653 2895 1713 quan
2908 1667 2932 1678 -

1808 1737 1895 1796 do
1963 1736 2182 1812 gravi
2250 1741 2600 1809 accentu,
2668 1741 2933 1816 quate·

1806 1858 1940 1898 nus
2015 1837 2611 1917 quandoquidem
2685 1836 2933 1917 siqui·

1807 1941 1980 1998 dem.
2071 1939 2314 1999 dictae
2381 1947 2556 2000 sunt
2619 1940 2933 2000 ratioci—

1807 2039 2145 2114 nativae‚
2180 2043 2369 2120 quod
2400 2062 2759 2123 quamque
2788 2060 2933 2102 rem

1807 2143 2324 2220 praepositam
2390 2144 2693 2204 ratione
2760 2163 2935 2204 con-

1806 2247 2128 2305 firmant
2197 2247 2278 2304 in
2349 2247 2547 2306 hunc
2620 2247 2933 2306 modum:

1807 2340 2064 2420 ‘lucet,
2108 2347 2352 2423 igitur
2381 2348 2539 2408 dies
2576 2343 2735 2408 est'.
2796 2368 2934 2406 nam

1807 2449 1933 2510 hic
1973 2449 2282 2509 ratione
2329 2449 2648 2526 colligit
2688 2449 2932 2510 lucem

1807 2551 1976 2610 ideo
2007 2570 2197 2624 esse,
2231 2553 2416 2631 quod
2448 2553 2605 2612 dies
2634 2557 2774 2625 est,
2811 2571 2935 2611 seu

1809 2653 1998 2713 diem
2057 2653 2228 2713 ideo
2290 2673 2484 2727 esse,
2556 2655 2745 2734 quod
2802 2653 2935 2712 lux

1809 2765 1933 2816 est.
2014 2763 2157 2816 sunt
2198 2757 2342 2816 item
2385 2763 2710 2832 praeterea,
2758 2761 2824 2815 ut
2851 2755 2937 2815 ait

1807 2858 2058 2930 Plinius,
2088 2858 2461 2920 inlativae
2491 2859 2649 2917 hae:
2696 2877 2935 2937 quam·
2982 2833 2991 3036 Ι

1810 2979 2030 3039 quam
2074 2961 2423 3040 quamvis
2468 2961 2616 3020 etsi
2660 2964 2933 3019 tamet-

1809 3061 1897 3133 si3
1944 3062 2117 3121 item
2157 3062 2533 3122 finitivas
2578 3062 2935 3122 dicuntur

1808 3163 1973 3223 hae:
2033 3163 2194 3221 dum
2253 3168 2662 3242 postquam
2718 3170 2933 3224 ante—

1810 3282 2019 3344 quam
2067 3269 2453 3344 quatenus.

1805 3571 1978 3632 item
2010 3571 2407 3649 optativae:
2450 3572 2717 3631 utinam
2742 3579 2821 3632 ut
2849 3591 2933 3630 ne

1809 3675 2038 3735 velim.
2107 3675 2635 3736 subiunctivae:
2680 3695 2827 3736 cum
2874 3674 2936 3734 si

1807 3783 1875 3836 et
1906 3796 2082 3857 quae
2109 3779 2189 3836 ab
2212 3797 2292 3837 eo
2324 3778 2725 3856 composita
2753 3783 2933 3851 sunt,

1807 3879 2129 3939 tametsi
2215 3886 2395 3940 ante
2416 3899 2622 3961 quam
2710 3881 2934 3940 donec

1809 3981 2128 4059 quamvis
2151 3981 2516 4041 dummodo
2540 3983 2717 4042 licet
2737 3987 2932 4059 post·

1809 4101 2011 4162 quam
2060 4084 2476 4164 priusquam
2536 4085 2717 4157 dum,
2780 4103 2931 4144 cum

1806 4203 1932 4260 pro
1963 4176 2234 4246 ‘donec'
2268 4186 2621 4263 accipitur
2650 4193 2771 4247 aut
2804 4207 2929 4266 pro

1804 4277 2239 4352 ‘dummodo’.
2325 4307 2452 4349 nec
2516 4296 2586 4349 te
2651 4301 2933 4352 moveat

1807 4388 1869 4449 si
1904 4391 2241 4470 quaedam
2285 4410 2440 4452 esse
2485 4399 2555 4453 et
2598 4393 2934 4454 adverbia

1809 4497 1879 4552 et
1911 4493 2458 4555 coniunctiones
2494 4512 2931 4569 recognove-

1808 4595 1924 4654 ris.
2011 4601 2152 4656 sunt
2193 4596 2370 4657 etia-m
2417 4597 2723 4669 dictiones,
2783 4615 2932 4676 quas

1806 4698 2101 4759 incertum
2129 4704 2222 4758 est
2249 4703 2449 4759 utrum
2481 4698 2933 4759 coniunctiones

1809 4819 1886 4860 an
1914 4801 2387 4878 praepositiones
2415 4820 2493 4860 an
2513 4801 2797 4863 adverbia
2825 4821 2931 4861 no-

1808 4902 2116 4976 minemus,
2139 4922 2293 4982 quae
2309 4907 2510 4963 tamen
2532 4923 2736 4964 omnes
2752 4922 2931 4964 sensu

3394 781 3777 843 Geminianus
3790 804 3804 842 τ

3036 921 3167 977 item
3225 921 3466 996 itemque
3522 921 3668 977 enim
3729 921 3931 976 etenim
3983 921 4159 977 enim·

3034 1039 3169 1078 vero
3233 1023 3369 1099 qm‘a
3434 1029 3891 1099 quapropropter
3954 1023 4163 1098 quippe

3035 1124 3303 1200 quoniam
3332 1122 3818 1200 quoniamquidem
3862 1141 4005 1200 ergo
4036 1121 4165 1179 ideo

3035 1224 3262 1284 scilieet
3295 1232 3631 1302 propterea.

3036 4497 3138 4576 (cf.
3178 4497 3394 4557 Donat.
3440 4515 3497 4574 p.
3530 4501 3672 4570 389,
3709 4501 3819 4557 13:

3116 4589 3289 4660 ‘Sunt
3319 4597 3499 4659 etiam
3532 4597 3839 4672 dictiones,
3894 4618 4041 4679 quas
4068 4599 4161 4659 in-

3034 4705 3261 4762 certum
3311 4705 3404 4762 est
3460 4705 3659 4763 utrum
3712 4701 4161 4762 coniunctiones

3035 4821 3110 4864 an
3140 4802 3613 4882 praepositiones
3640 4823 3716 4863 au
3740 4803 4025 4863 adverbia
4052 4796 4160 4862 no-

3034 4905 3343 4982 minemus,
3368 4924 3519 4987 quae
3537 4912 3737 4968 tamen
3761 4923 3966 4965 omnes
3982 4921 4161 4964 sensu
