4817 5934
2223 557 2737 630 ...10-

949 755 1158 822 Etiam
1209 755 1289 821 de
1336 774 1670 835 consensu,
1733 755 1839 838 qui
1885 755 2054 820 inter
2096 754 2553 819 Diomedem
2601 759 2679 818 et
2724 754 3107 820 Donatum
3154 753 3499 836 reperitur,
3562 752 3805 818 Keilius
3852 753 3961 817 Gr.
4004 753 4113 816 lat.
4158 752 4267 829 IV,

683 895 751 956 p.
781 875 895 940 XL
928 893 1042 955 sq.‚
1087 874 1194 938 ubi
1238 875 1512 939 correxit
1553 874 1784 940 falsam
1829 893 2018 955 quam
2065 873 2104 940 l.
2135 875 2174 938 l.
2219 875 2269 954 I,
2312 893 2372 956 p.
2403 873 2549 937 LVI
2594 873 2951 955 protulerat
2994 873 3398 952 sententiam,
3441 877 3613 938 recte
3646 870 3998 952 disputavit
4026 875 4267 935 utrum·

691 1013 815 1074 que
860 993 940 1058 ab
983 993 1208 1058 eodem
1255 992 1613 1074 antiquiore
1661 999 1924 1058 auctore
1969 1000 2292 1074 tamquam
2338 992 2652 1056 communi
2696 991 2871 1056 fonte
2917 991 3269 1057 doctrinam
3316 1010 3496 1057 suam
3544 991 3888 1054 derivasse.

943 1113 1168 1193 Neque
1213 1112 1683 1178 Sacerdotis
1743 1119 1942 1176 artem
2002 1131 2043 1176 a
2085 1111 2395 1176 Diomede
2452 1111 2837 1190 exscriptam
2894 1128 3039 1176 esse
3094 1117 3267 1176 certo
3316 1109 3557 1175 firmari
3609 1115 3827 1192 potest
3870 1114 4263 1190 argumente.

685 1251 836 1297 nam
879 1251 958 1298 ex
989 1231 1184 1296 nobili
1227 1231 1337 1296 illo
1381 1231 1542 1312 loce,
1585 1231 1872 1297 Diomed.
1911 1249 1971 1312 p.
2001 1232 2147 1310 318,
2179 1231 2236 1310 7,
2280 1230 2388 1295 ubi
2419 1231 2500 1294 ad
2534 1246 2751 1294 casum
2784 1231 3124 1311 septimum
3156 1229 3607 1298 illustrandum
3644 1248 3785 1295 cum
3816 1229 3945 1294 alia
3974 1229 4265 1311 exempla

685 1351 1095 1434 proferuntur
1151 1355 1286 1416 tum
1346 1351 1467 1414 hoc
1525 1351 1786 1432 legitur:
1846 1345 2165 1415 ‘studente
2225 1351 2563 1414 sacerdote
2624 1347 2981 1414 differentia
3036 1351 3297 1415 inventa
3357 1357 3459 1415 est
3518 1400 3535 1414 .
3584 1399 3599 1413 .
3646 1399 3660 1413 .
3708 1397 3723 1412 .
3774 1345 4263 1427 σπουδάζοντος

687 1467 908 1554 ἱερέως
951 1463 988 1556 ἣ
1029 1466 1318 1556 διαφορὰ
1359 1461 1647 1556 nopai-972³,
1705 1469 1956 1535 etiamsi
2001 1487 2142 1534 cum
2188 1467 2597 1533 Lachmanno
2642 1467 2736 1550 (in
2780 1468 3035 1534 Lucret.
3079 1488 3139 1550 p.
3172 1468 3283 1554 18)
3330 1469 3411 1534 de
3456 1469 3802 1534 Sacerdote
3846 1467 4261 1550 grammatico

685 1590 1095 1672 cogitandum
1141 1590 1398 1670 est1⁷),
1462 1587 1832 1652 Diomedem
1889 1592 2108 1652 tamen
2165 1589 2374 1668 ipsum
2436 1587 2624 1652 huius
2680 1588 3076 1668 grammatici
3134 1595 3338 1652 artem
3398 1588 3815 1669 exscripsisse
3859 1605 4260 1669 nequaquam

685 1709 994 1791 sequitur,
1039 1707 1230 1772 immo
1262 1726 1412 1774 vero
1444 1707 1604 1771 illud
1633 1698 1907 1792 (ἱερέωξ
1950 1706 2111 1771 satis
2145 1706 2332 1771 docet
2361 1705 2651 1771 Diomedi
2684 1706 3095 1772 Sacerdotem
3139 1727 3403 1789 prorsus
3448 1709 3735 1790 ignotum
3780 1707 4011 1786 fuisse;
4056 1725 4263 1789 neque

685 1828 880 1893 Keilii
911 1825 1291 1906 sententiae,
1337 1825 1710 1890 Diomedem
1759 1830 1824 1890 et
1858 1825 2139 1906 reliquos
2184 1825 2653 1906 grammaticOS,
2699 1843 2837 1890 cum
2872 1827 3239 1892 Sacerdotis
3285 1846 3512 1892 nomen
3556 1828 3621 1891 in
3667 1825 3955 1908 exemplo
4002 1833 4260 1908 ponant,

683 1967 755 2013 se
797 1947 997 2013 libros
1044 1945 1180 2010 eius
1225 1962 1580 2025 usurpasse
1623 1944 1906 2010 indicare
1949 1943 2088 2025 (Gr.
2133 1943 2243 2008 lat.
2288 1944 2395 2024 VI,
2426 1945 2627 2024 425),
2672 1945 2981 2010 adsentiri
3024 1964 3308 2028 possum,
3352 1964 3493 2010 cum
3539 1964 3619 2010 ne
3665 1948 3837 2028 apud
3880 1946 4257 2011 Dositheum

683 2067 958 2148 quidem,
1003 2065 1183 2130 cuius
1227 2063 1292 2128 in
1339 2069 1478 2128 arte
1523 2063 1890 2128 Sacerdotis
1935 2081 2160 2128 nomen
2205 2068 2305 2127 ter
2349 2063 2415 2127 in
2462 2064 2816 2145 exemplum
2863 2071 3143 2144 vocatur,
3189 2065 3359 2128 ullus
3404 2072 3617 2130 exstet
3658 2065 3855 2144 locuS,
3900 2083 4024 2146 quo
4069 2066 4257 2130 huius

682 2184 1080 2268 grammatici
1123 2182 1474 2248 auctoritas
1521 2183 1712 2263 plane
1755 2181 2107 2248 evincatur.
2193 2182 2413 2263 quidni
2444 2181 2809 2248 Sacerdotis
2854 2201 3083 2248 nomen
3126 2185 3210 2248 ad
3256 2184 3648 2264 posteriores
3694 2185 4099 2266 artigraphos
4146 2204 4257 2267 po·

684 2305 809 2371 tuit
837 2303 1172 2387 pervenire
1202 2319 1318 2383 per
1347 2302 1585 2366 fontem
1620 2301 2017 2366 derivatum?
2079 2319 2242 2382 quae
2290 2301 2614 2366 sententia
2656 2319 2823 2366 nunc
2858 2302 3113 2383 quidem
3146 2303 3354 2368 Keilio
3401 2322 3652 2386 quoque
3682 2305 3937 2369 videtur
3980 2304 4256 2385 probari,

681 2425 790 2506 qui
847 2421 1002 2487 dicit
1057 2421 1165 2486 Gr.
1211 2420 1322 2486 lat.
1367 2421 1523 2502 VII,
1567 2421 1723 2488 369:
1782 2414 2026 2485 ‘habuit
2077 2426 2290 2484 autem
2336 2420 2689 2486 Dositheus
2747 2440 2890 2486 eum
2935 2420 3196 2502 librum,
3258 2405 3443 2502 quem
3504 2429 3691 2504 post
3736 2424 4255 2490 Sacerdotem

679 2540 1161 2627 grammaticum
1223 2559 1369 2606 esse
1425 2559 1503 2605 ex
1561 2539 1813 2604 nomine
1877 2539 2014 2605 eius
2076 2545 2176 2604 ter
2231 2539 2296 2604 in
2359 2539 2647 2621 exemplo
2707 2542 2920 2622 posito
2981 2541 3415 2622 cognoscitur,
3478 2542 3544 2606 in
3602 2543 3769 2606 hanc
3826 2542 4092 2608 formam
4158 2563 4257 2608 re-

679 2655 958 2727 dactum’
999 2678 1053 2725 e.
1084 2678 1141 2741 q.
1175 2677 1226 2724 s.

935 2779 1121 2857 Quod
1165 2780 1248 2843 ad
1295 2777 1812 2843 exscribendi
1856 2777 2271 2858 rationem,
2316 2795 2444 2859 qua
2487 2776 2831 2842 Diomedes
2876 2796 3031 2842 usus
3078 2784 3206 2858 est,
3251 2779 3687 2860 pertinet18),
3736 2800 3878 2846 eum
3923 2789 4251 2848 auctorum

677 2899 878 2964 verba
921 2917 1046 2963 non
1093 2903 1380 2962 mutasse
1425 2897 1543 2962 sed
1584 2897 1838 2977 integra
1882 2895 2370 2977 transcripsisse
2414 2901 2686 2977 apparet
2730 2915 2807 2960 ex
2848 2897 2931 2962 iis
2974 2896 3163 2978 locis,
3217 2897 3445 2979 quibus
3491 2899 3575 2963 ad
3618 2901 3881 2966 verbum
3928 2902 4254 2984 conspirat

589 2993 594 3000 ⁶
680 3037 820 3083 cum
867 3016 1012 3083 aliis
1058 3018 1164 3098 qui
1208 3015 1436 3082 iisdem
1479 3013 1762 3080 fontibus
1809 3015 1908 3080 usi
1955 3020 2106 3078 sunt
2151 3015 2560 3097 artigraphis,
2602 3015 2804 3080 velut:

806 3157 867 3218 p.
900 3137 1046 3216 317,
1074 3135 1390 3214 25-318‚
1420 3135 1504 3199 22
1549 3133 1623 3198 cf.
1669 3133 1918 3198 Dosith.
1947 3135 2094 3216 392,
2127 3134 2438 3215 10—394‚
2470 3135 2507 3198 7
2532 3135 2631 3214 ¹⁹)
2678 3141 2744 3199 et
2786 3137 3098 3218 Anonym.
3130 3135 3237 3201 Gr.
3268 3137 3377 3202 lat.
3408 3137 3456 3217 I,
3486 3138 3633 3218 534,
3662 3141 3976 3220 22—535,
4008 3143 4064 3206 8.

941 3307 1042 3383 17)
1090 3309 1162 3367 cf.
1209 3306 1442 3367 Dosith.
1489 3307 1586 3366 Gr.
1617 3308 1719 3366 lat.
1767 3307 1903 3380 VII,
1939 3313 2079 3381 392,
2117 3313 2193 3368 10
2227 3329 2356 3388 sqq.
2403 3315 2467 3367 et
2509 3313 2807 3385 Anonym.
2856 3309 2952 3367 Gr.
2984 3309 3081 3368 lat.
3130 3311 3179 3379 Ι,
3214 3315 3353 3381 534,
3389 3315 3467 3366 22
3504 3331 3651 3389 sqq.,
3700 3333 3950 3391 quorum
3995 3320 4249 3394 uterque

675 3412 950 3472 exhibet:
1011 3402 1306 3470 ‘studente
1349 3410 1664 3470 Sacerdote
1713 3457 1772 3470 ..
1805 3457 1819 3470 .
1868 3405 2316 3482 σπουδάζοντος
2358 3403 2907 3486 Σακὲρδωτος’.
2997 3412 3067 3468 cf.
3116 3417 3177 3468 et
3219 3411 3453 3469 Sacerd.
3500 3411 3596 3470 Gr.
3644 3413 3742 3471 lat.
3792 3413 3908 3487 VI,
3956 3419 4097 3488 447,
4146 3422 4249 3476 18:

672 3506 1008 3574 ‘Sacerdote
1053 3503 1334 3571 docente'.
1381 3547 1465 3556 —
1526 3514 1881 3573 sententiam
1927 3534 2068 3574 vero
2115 3533 2290 3592 quam
2351 3511 2605 3588 protulit
2646 3511 3016 3570 Wentzelius
3068 3503 3286 3588 ‘Symb.
3335 3513 3463 3571 crit.
3513 3507 3765 3573 Vratisl.'
3822 3521 4012 3589 1858,
4058 3539 4113 3594 p.
4148 3522 4249 3593 37,

675 3618 756 3676 M.
801 3615 1061 3674 Plotium
1119 3615 1492 3673 Sacerdotem
1551 3634 1760 3676 revera
1821 3622 2124 3692 parentem
2186 3634 2317 3672 esse
2378 3613 2613 3688 septimi
2677 3630 2872 3683 casus,
2939 3611 3291 3670 reiciendarn
3357 3633 3485 3672 esse
3546 3625 3795 3692 apparet
3856 3639 3933 3678 ex
3995 3621 4246 3687 Quintil.

672 3720 724 3789 Ι,
769 3722 826 3789 4,
875 3721 975 3774 26.

943 3818 1042 3895 18)
1098 3819 1162 3876 in
1219 3819 1562 3876 universum
1618 3819 1774 3876 enim
1833 3817 2194 3877 monendum
2249 3823 2341 3876 est
2395 3816 2809 3890 grammaticos
2866 3818 3061 3896 quarti
3121 3819 3338 3878 saeculi
3396 3819 3457 3877 in
3504 3826 3930 3898 componendis
3986 3815 4247 3882 ‘artibus'

671 3921 1022 3999 plerumque
1067 3939 1143 3978 ex
1189 3919 1591 3996 compluribus
1631 3919 1900 3978 fontibus
1942 3919 2226 3990 hausisse,
2273 3918 2399 3976 sive
2444 3919 2529 3976 ita
2564 3925 2631 3977 ut
2662 3918 2941 3994 deinceps
2980 3928 3251 3980 auctores
3284 3923 3707 3998 exscriberent,
3753 3927 3919 3985 velut
3946 3923 4245 3982 Charisius

671 4025 758 4101 (p.
795 4021 1046 4095 147,’17
1082 4042 1211 4102 sqq.
1267 4025 1402 4094 180,
1450 4021 1526 4079 2⁷
1562 4021 1745 4100 sqq.)‚
1793 4022 1918 4080 sive
1962 4029 2031 4080 ut
2074 4019 2406 4095 complures
2450 4022 2903 4080 commentarios
2947 4024 3438 4096 contaminarent,
3483 4027 3541 4083 id
3589 4027 3745 4105 quod
3790 4027 3854 4084 in
3897 4024 4243 4082 Diomedem

671 4127 881 4186 cadere
937 4143 1078 4182 mox
1122 4124 1397 4183 elucebit.
1483 4124 1664 4182 etiam
1709 4125 1782 4182 ab
1829 4128 2146 4201 Anonymo
2192 4121 2289 4180 Gr.
2337 4123 2435 4181 lat.
2482 4121 2542 4194 Ι,
2592 4127 2711 4180 533
2745 4143 2876 4202 sqq.
2935 4124 3198 4184 diversos
3257 4126 3604 4201 compilatos
3659 4145 3785 4184 esse
3830 4129 4101 4182 auctores
4144 4125 4243 4182 de-

671 4231 1036 4287 monstratur
1081 4227 1299 4301 duplici
1347 4227 1420 4284 de
1465 4227 1744 4301 gradibus
1789 4225 2294 4302 comparationum
2339 4231 2595 4284 tractatu
2640 4225 2739 4302 (cf.
2786 4245 2841 4300 p.
2878 4229 3016 4298 536,
3060 4227 3362 4298 18—537,
3403 4233 3476 4284 14
3523 4233 3585 4286 et
3632 4231 3770 4298 555,
3805 4225 4116 4298 30-557,
4149 4227 4240 4305 2);

671 4349 809 4388 nam
841 4327 1071 4387 etiamsi
1103 4329 1361 4388 Christio
1409 4329 1726 4403 (Philolog.
1762 4329 1980 4389 XV111
2023 4347 2078 4404 p.
2120 4331 2236 4385 138
2267 4327 2382 4406 sq.)
2426 4335 2677 4406 uterque
2720 4329 2932 4386 horum
2976 4329 3239 4387 locorum
3285 4347 3362 4386 ex
3407 4329 3611 4386 eodem
3654 4328 3808 4387 libro
3854 4327 4242 4407 (Geminiani)

669 4431 909 4490 videtur
950 4429 1216 4502 fluxisse,
1261 4437 1459 4490 tamen
1503 4431 1912 4510 unusquisque
1957 4429 2062 4509 qui
2104 4430 2214 4488 hos
2257 4429 2419 4488 locos
2462 4430 2792 4488 accuratius
2838 4429 3172 4502 contulerit,
3219 4430 3545 4489 doctrinam
3590 4429 3833 4490 alterius
3877 4431 3952 4489 ab
3998 4430 4243 4490 alterius

670 4531 911 4592 differre
951 4531 1128 4590 facile
1171 4531 1494 4608 intelleget.
1539 4566 1624 4575 —
1687 4533 1844 4607 apud
1886 4531 2035 4590 alios
2075 4549 2219 4590 vero
2261 4531 2665 4607 artigraphos,
2711 4532 2879 4592 velut
2921 4533 3077 4609 apud
3120 4533 3453 4606 Donatum,
3512 4532 3710 4608 plures
3752 4533 3951 4592 fontes
3993 4553 4113 4592 non
4157 4533 4245 4593 ita

672 4631 927 4693 discerni
964 4640 1230 4709 possunt,
1275 4635 1378 4694 sed
1424 4634 1622 4693 omnia
1665 4653 1783 4693 uno
1829 4634 1998 4694 velut
2041 4639 2248 4694 tenore
2293 4634 2669 4693 exhibentur.

933 4734 1035 4812 19)
1081 4736 1152 4793 de
1195 4735 1482 4795 Dositheo
1529 4742 1590 4795 et
1633 4736 1705 4794 de
1747 4736 1995 4808 ratione,
2041 4755 2194 4816 quae
2237 4737 2395 4795 inter
2438 4754 2572 4794 eum
2618 4741 2680 4796 et
2722 4736 3068 4796 Diomedem
3115 4737 3446 4809 intercedit,
3494 4735 3569 4796 cf.
3616 4737 3799 4796 Keilii
3843 4735 4091 4814 praefat.
4142 4735 4241 4796 Gr.

667 4837 774 4897 lat.
819 4836 966 4910 VII,
1015 4838 1134 4896 367
1169 4857 1331 4918 sqq.‚
1395 4838 1498 4897 ubi
1558 4839 1730 4898 docet
1770 4829 2138 4898 ‘Dositheum
2197 4856 2392 4918 neque
2452 4856 2533 4896 ex
2573 4839 2825 4898 Charisii
2868 4839 2966 4899 vel
3012 4840 3315 4898 Diomedis
3356 4839 3527 4898 libris
3582 4858 3780 4919 neque
3825 4859 3903 4898 ex
3947 4838 4089 4896 Bob.
4136 4855 4240 4895 ex-

666 4939 892 5016 cerptis
937 4957 1025 5013 ea,
1071 4958 1222 5018 quae
1266 4958 1398 4998 cum
1441 4939 1536 5000 his
1579 4941 1976 5014 consentiunt,
2021 4940 2322 5018 petivisse,
2367 4941 2471 5000 sed
2514 4958 2586 5000 ea
2628 4941 2827 5000 omnia
2872 4985 2887 5001 .
2920 4986 2936 5001 .
2970 4985 2985 5000 .
3028 4961 3107 5001 ex
3147 4943 3485 5020 antiquiore
3526 4943 3695 5002 fonte
3738 4943 3951 5000 hausta
3991 4929 4153 4999 esse?
