4817 5934
975 847 1294 908 Charisius.

965 965 1196 1025 Ectasis
1237 973 1328 1022 est

2109 646 2623 719 ...27—

2179 849 2550 926 Anonymus.

2399 967 2634 1026 Eetasis
2673 975 2764 1025 est
2803 985 2927 1026 cum

1259 1085 1385 1124 cum
1430 1073 1698 1142 correpta
1796 1087 1906 1144 per
1965 1069 2254 1127 licentiam
2313 1067 2503 1126 brevis
2551 1067 2923 1145 producitur,

569 1169 798 1247 syllaba
857 1178 1060 1228 contra
1109 1171 1386 1226 rationem
1426 1165 1699 1244 produci-

575 1283 692 1343 tur,
743 1283 810 1332 ut
833 1263 978 1330 'ea-c.
1013 1273 1202 1330 Diana
1236 1263 1346 1329 ch!
1385 1269 1587 1347 (Ver-g.
1615 1273 1693 1328 A.

582 1378 636 1446 1,
668 1374 818 1450 499)
861 1382 924 1434 et
967 1419 980 1430 .
1015 1417 1075 1433 ..
1121 1375 1218 1450 (A.
1259 1378 1308 1446 1,
1340 1371 1510 1450 478).

968 1680 1194 1756 Sys-tole
1235 1689 1322 1738 est

828 1904 952 1942 cum
989 1885 1274 1963 producta
1307 1883 1538 1960 syllaba
1565 1901 1696 1942 con·

575 1995 667 2046 tra
689 1989 968 2046 rationem
992 1989 1326 2064 corripitur,
1367 1995 1432 2044 ut
1455 1978 1697 2044 ‘urbem-

573 2109 680 2167 que
721 2080 1011 2148 Fidcnam'
1054 2089 1258 2166 (Vct-g.
1296 2091 1378 2146 A.
1419 2093 1479 2158 6,
1520 2086 1691 2164 773),

571 2209 698 2249 cum
722 2194 910 2269 prima
947 2191 1172 2269 syllaba
1203 2189 1405 2250 debeat
1429 2189 1692 2266 produci.

1281 2703 1573 2760 Diaercsis
1615 2709 1707 2758 cst

573 2821 698 2861 cum
745 2823 860 2863 una
903 2803 1129 2880 syllaba
1189 2807 1248 2862 in
1291 2806 1438 2862 duas
1493 2804 1700 2862 dividi·

577 2913 674 2962 tur
690 2948 709 2978 ,
773 2915 840 2963 ut
890 2897 1098 2983 ‘pictai
1134 2897 1325 2965 vestis'
1382 2904 1582 2982 (Verg.
1618 2909 1696 2966 A.

575 3011 636 3079 9,
682 3007 786 3084 26)
824 3027 936 3085 pro
974 3010 1188 3084 pictae.

1277 3313 1700 3391 Episyaaliphe

573 3428 662 3476 est
687 3437 804 3476 una
831 3416 1060 3494 syllaba
1096 3437 1171 3475 cx
1201 3415 1418 3474 duabus
1458 3413 1700 3492 syllabis

556 3518 770 3598 facta,
833 3529 898 3576 ut
936 3510 1243 3598 [fixerit
1284 3519 1698 3596 aeripedem

575 3639 626 3677 c.
658 3613 715 3676 l.'
761 3620 966 3697 (Ver-g.
992 3625 1072 3680 A.
1111 3628 1170 3692 6,
1211 3624 1382 3700 803),
1431 3641 1556 3680 cum
1602 3629 1698 3681 ae·-

574 3721 822 3797 rijvedem
889 3725 1136 3800 quinque
1197 3725 1440 3800 syllabis
1507 3727 1696 3783 dicere

573 3822 892 3880 debeamus.

1257 4323 1579 4400 Synaliphe
1617 4335 1706 4384 cst

577 4418 820 4477 duarum
877 4423 1160 4481 vocalium
1221 4444 1503 4484 concursu
1557 4427 1701 4487 altc-

576 4522 704 4578 rius
743 4522 960 4594 elisio,
1027 4528 1107 4585 ut
1161 4517 1418 4607 ‘atque
1463 4546 1546 4588 ea
1590 4530 1701 4590 di·

576 4640 794 4682 versa
827 4642 886 4699 p.
917 4625 974 4683 d.
996 4645 1054 4702 p.
1080 4621 1154 4703 g.'
1191 4627 1430 4707 (Verg.
1455 4635 1524 4690 A.
1552 4638 1608 4706 9,
1640 4631 1702 4712 1)

881 4847 912 4885 e
946 4829 1196 4888 litteram
1227 4833 1322 4891 laic
1363 4854 1587 4896 necesse
1614 4847 1704 4896 cst

571 4930 817 4989 excludi.

1801 1178 1868 1228 ul
1919 1160 2063 1228 ‘ea-c.
2108 1170 2298 1230 Dz'ana
2343 1162 2454 1227 ch?
2504 1169 2707 1247 (Verg.
2744 1173 2823 1228 A.
2866 1173 2924 1242 1,

1801 1272 1975 1348 499).

2298 1680 2534 1756 systole
2579 1687 2669 1742 est
2711 1701 2744 1740 e
2789 1701 2927 1742 con-

1801 1778 1984 1840 traria

3448 849 3748 910 Sacerdos.

3122 969 3205 1026 De
3232 970 3435 1027 ectasi.
3504 971 3713 1028 ectasis
3754 978 3843 1027 est
3868 988 3993 1026 cum
4027 988 4161 1028 cor-

3034 1070 3295 1148 ripienda
3327 1068 3555 1146 syllaba
3594 1071 3940 1148 producitur
3982 1072 4157 1131 metri

3036 1189 3226 1244 causa,
3269 1175 3339 1230 ut
3382 1216 3395 1230 .
3422 1218 3437 1231 .
3462 1215 3516 1230 ..
3564 1170 3767 1248 (Verg.
3800 1175 3871 1232 A.
3906 1179 3969 1247 2,
4008 1173 4159 1250 715)

3034 1277 3097 1334 et
3260 1317 3274 1333 .
3320 1273 3419 1350 (A.
3458 1278 3507 1346 1,
3543 1275 3667 1351 30).

3122 1683 3204 1739 Dc
3266 1684 3497 1760 systole.
3594 1685 3822 1760 Systole
3888 1693 3975 1742 est
4030 1705 4155 1744 cum

3026 1784 3315 1862 producta
3358 1785 3585 1862 syllaba
3630 1793 3832 1846 contra
3877 1791 4156 1846 rationem

1801 1883 2037 1962 quando
2082 1882 2311 1959 syllaba
2370 1883 2551 1960 longa
2592 1884 2927 1961 corripitur,
3032 1885 3207 1948 metri
3252 1905 3427 1947 causa
3469 1891 3823 1964 corripitur,
3888 1896 3957 1950 ut
4001 1935 4013 1948 .
4048 1935 4061 1950 .
4095 1938 4106 1949 .
4140 1935 4156 1950 .

1801 1991 1886 2044 ut
1937 1975 2320 2064 ‘aquosus
2366 1985 2493 2043 Ori
2516 1978 2631 2045 on’
2684 1986 2926 2063 (Vel-g.

1802 2091 1875 2146 A.
1904 2090 1962 2159 4,
1985 2087 2107 2162 52),
2154 2105 2279 2145 cum
2317 2089 2512 2164 prima
2551 2089 2800 2165 produci
2838 2089 2930 2146 de-

1801 2188 1952 2258 beat,
2003 2191 2343 2266 corripitur.

1890 2700 2179 2758 Diaei-estis·
2200 2707 2288 2756 cst
2315 2700 2443 2760 sive
2468 2699 2774 2759 diazeuxis
2802 2716 2926 2757 cum

1801 2803 1864 2859 in
1897 2803 2039 2859 duas
2070 2799 2326 2878 syllabas
2358 2820 2474 2860 una
2502 2802 2817 2874 diducitur,
2867 2810 2930 2858 ut

1797 2893 1974 2962 ‘dives
1985 2905 2177 2980 pictai
2188 2924 2238 2964 v.
2257 2925 2305 2963 e.
2321 2895 2397 2963 a.'
2418 2905 2616 2981 (Varg.
2628 2906 2709 2963 A.
2724 2908 2784 2974 9,
2804 2901 2929 2981 26),

1803 3023 1978 3084 quam
1988 3005 2445 3066 declinationem
2454 3005 2754 3082 Vergilius
2762 3008 2932 3085 quat-

1803 3111 1938 3164 tuor
1953 3105 2101 3166 locis
2117 3113 2346 3167 tantum
2363 3108 2566 3183 posuit
2580 3108 2646 3166 in
2663 3107 2928 3167 Aeneide

1804 3206 1887 3284 (3,
1913 3211 2055 3266 354.
2091 3214 2145 3282 e,
2174 3208 2315 3267 747.
2352 3208 2408 3282 7,
2434 3214 2576 3268 464.
2609 3215 2666 3283 9,
2692 3209 2817 3288 26).

2515 3311 2931 3388 Episynaliplnc

1801 3418 1893 3467 cst
1929 3428 2042 3468 una
2085 3413 2333 3488 syllaba*
2362 3433 2437 3471 cx
2477 3413 2697 3472 duabus
2722 3412 2922 3492 sacta,

1805 3520 1869 3569 ut
1899 3502 2198 3590 'fia-crit
2237 3519 2495 3592 aer-ipe
2509 3506 2684 3574 dem’
2718 3516 2923 3593 (Verg.

1803 3616 1886 3672 A.
1911 3619 1970 3684 6,
2005 3616 2152 3693 803)
2182 3636 2317 3694 pro
2348 3619 2562 3695 ae‘rip
2578 3618 2761 3676 edem
2778 3641 2797 3676 .-
2840 3623 2929 3677 te-

1799 3718 2162 3795 trasyllabon
2207 3738 2285 3778 ex
2313 3720 2724 3797 pentasyllabo
2767 3720 2927 3782 fecit.

2492 4334 2802 4411 Synaliplnc
2844 4345 2933 4394 cst

3032 1987 3234 2065 (Vel-g.
3269 1992 3339 2050 A.
3376 1995 3430 2062 2,
3465 1989 3615 2066 774)
3656 2009 3766 2067 pro
3810 1996 4121 2053 steterunt.

3468 2809 3727 2888 (lacuna)

3330 3321 3414 3378 De
3454 3322 3863 3398 episynalephc.

3114 3421 3532 3500 Episynaliplte
3560 3423 3661 3483 vel
3690 3426 4023 3503 synaeresis
4070 3437 4158 3485 est

3033 3540 3157 3578 cum
3185 3522 3573 3598 plurimarum
3594 3525 3954 3602 syllabarum
3976 3519 4154 3589 dictio

3031 3623 3095 3681 in
3139 3623 3447 3701 pauciores
3487 3627 3873 3701 concluditur,
3918 3635 3987 3688 ut
4027 3620 4085 3688 ‘f
4092 3631 4109 3688 i
4131 3665 4154 3675 -

3032 3726 3248 3785 xerit
3280 3721 3759 3805 aeripedem’
3804 3730 4049 3808 (Verg.
4083 3738 4153 3793 A.

3034 3831 3091 3899 6,
3125 3825 3276 3905 sos)
3320 3832 3383 3889 et
3420 3818 3696 3890 ‘Oelides’
3752 3833 3849 3912 (A.
3886 3839 3921 3892 e
3936 3881 3953 3908 ‚
4004 3837 4152 3912 529)

3031 3947 3168 4006 pro
3213 3931 3432 4008 aerip
3450 3932 3652 3993 edem
3696 3939 3757 3994 et
3800 3936 4097 3998 Aeolides.

3116 4342 3200 4397 Dc
3258 4341 3577 4418 synalephe.
3682 4345 3999 4422 Synaleplee
4070 4360 4160 4406 est

1805 4451 1929 4491 cum
1973 4433 2131 4494 inter
2175 4435 2290 4493 duo
2325 4436 2512 4496 verba
2554 4439 2612 4494 in
2644 4455 2927 4495 concursu
3031 4460 3157 4500 cum
3217 4442 3290 4501 de
3339 4445 3833 4506 convenientibus
3888 4448 4048 4509 inter
4089 4471 4155 4510 se

1803 4535 2044 4594 duarum
2105 4537 2386 4596 vocalium
2454 4537 2620 4596 nulla
2676 4539 2928 4600 interce-
3027 4542 3245 4604 litteris
3287 4546 3552 4622 priorum
3596 4547 3666 4608 fit
3704 4549 3893 4608 elisio.

1802 4636 1980 4696 dente
2009 4643 2376 4697 consonante
2406 4641 2578 4697 unius
2590 4639 2680 4716 fit
2709 4643 2926 4701 vocalis

1802 4739 1988 4807 elisio,
2015 4742 2099 4797 ut
2124 4729 2376 4819 ‘atque
2407 4758 2493 4800 ea
2514 4743 2567 4800 d.
2591 4735 2663 4819 p?
2692 4743 2924 4821 (Verg.

1803 4842 1874 4898 A.
1907 4843 1964 4913 9,
2003 4841 2080 4918 1).
2141 4839 2294 4901 fiunt
2335 4845 2533 4903 autem
2577 4844 2927 4923 synaliphae
3027 4851 3176 4912 haec
3219 4852 3288 4913 fit
3329 4853 3521 4914 modis
3560 4855 3754 4916 tribus
3808 4857 3961 4919 sicut
4010 4809 4153 4920 ante

1800 4941 1897 5001 his
1939 4940 2162 5004 modist
2202 4960 2252 5003 e.
2285 4962 2341 5024 q.
2373 4963 2419 5003 s.

3028 4952 3199 5031 (448,
3229 4954 3294 5032 4)
3338 4958 3681 5019 monstravi.

3437 5259 3536 5323 4*
