4817 5934
2192 605 2703 678 ...33-

658 820 909 885 quoque
951 800 1109 867 locis
1155 799 1545 866 Scaurianae
1587 801 1917 866 doctrinae
1960 800 2237 882 vestigia
2279 800 2345 865 in
2389 800 2630 867 Donati
2668 795 2846 867 ‘arte’
2890 806 3235 887 apparent,
3292 802 3471 871 velut
3523 802 3590 869 in
3649 802 3730 868 iis
3790 821 3956 886 quae
3998 805 4243 884 dead-

654 920 890 987 verbiis
921 921 1109 985 docet
1151 938 1212 1002 p.
1253 918 1399 1000 385,
1445 918 1556 986 12:
1596 913 1918 986 ‘adverbia
1961 971 1978 986 .
2010 969 2026 984 .
2058 967 2074 982 .
2120 919 2201 984 ab
2246 919 2391 985 aliis
2438 919 2734 1002 partibus
2781 920 3091 986 orationis
3136 921 3417 999 veniunt,
3461 939 3502 985 a
3543 921 3798 986 nomine
3842 921 4238 1004 appellativo

659 1092 674 1106 .
720 1091 734 1106 .
780 1090 797 1106 .
842 1059 885 1106 a
924 1036 1185 1122 proprio
1229 1088 1245 1102 .
1290 1086 1306 1102 .
1352 1055 1391 1102 a
1433 1034 1758 1104 vocabulo’
1807 1057 1860 1104 e.
1905 1057 1964 1120 q.
2010 1056 2090 1119 s.;
2135 1038 2591 1104 discernuntur
2633 1038 2829 1121 igitur
2870 1039 2975 1104 hic
3019 1057 3248 1104 nomen
3294 1039 3656 1121 proprium,
3700 1040 4082 1123 appellatio,
4129 1059 4239 1106 vo·

660 1162 969 1226 eahulem.
1045 1178 1229 1238 quam
1265 1156 1618 1222 deetrinam
1649 1156 2061 1223 Scaurianam
2094 1174 2241 1223 esse
2272 1158 2462 1223 docet
2491 1157 2609 1241 frg.
2649 1159 2729 1224 16
2774 1157 2853 1223 cf.
2884 1176 3084 1239 supra
3111 1177 3174 1239 p.
3191 1158 3252 1223 5.
3314 1158 3568 1224 etiamsi
3600 1160 3767 1224 enim
3797 1159 4081 1227 Scaurus
4109 1179 4239 1225 non

660 1282 837 1346 selue
881 1278 1041 1342 talia
1085 1278 1413 1358 praeeepit
1451 1275 1558 1358 (cf.
1603 1274 1866 1353 Quintil.
1905 1277 1960 1355 1,
2003 1277 2065 1358 4,
2111 1276 2257 1358 20),
2301 1294 2429 1341 non
2474 1283 2691 1342 tamen
2729 1276 3195 1359 neglegendum
3241 1283 3369 1358 est,
3413 1279 3583 1359 quod
3620 1277 3964 1344 Diomedes
4004 1299 4067 1360 p.
4090 1278 4236 1357 403,

656 1402 743 1466 24
781 1418 917 1482 sqq.
965 1398 1077 1478 (ε
1121 1394 1237 1478 frg.
1273 1398 1385 1474 21}
1433 1395 1655 1460 eadem
1700 1413 1865 1477 quae
1895 1394 2188 1460 Donatus
2234 1395 2272 1460 l.
2305 1395 2344 1460 l.
2393 1395 2651 1461 exhibet
2694 1403 2890 1477 atque
2932 1396 3126 1478 paulo
3170 1402 3319 1461 ante
3350 1396 3657 1461 Scaurum
3691 1397 3978 1462 nominat
4022 1402 4238 1462 aucto-

656 1542 791 1586 rem
817 1526 841 1558 ²²*
857 1522 937 1602 Β).

917 1638 1149 1702 'Uerum
1185 1638 1405 1698 eontra
1433 1633 1597 1698 hauc
1627 1651 1831 1699 meam
1886 1634 2290 1714 sententiam,
2334 1633 2656 1699 Donatum
2690 1633 2910 1699 Scauri
2940 1639 3078 1699 arte
3110 1632 3527 1716 grammatica
3557 1651 3740 1698 usum
3774 1651 3938 1714 esse,
3970 1642 4235 1717 pugnat,

660 1758 829 1840 qued
865 1754 1249 1822 Wenteeliue
1297 1751 1536 1834 [Sme.
1580 1751 1716 1817 crit.
1761 1752 2024 1819 Vratisl.
2073 1753 2268 1837 1858)
2312 1772 2372 1834 p.
2409 1753 2495 1817 25
2528 1771 2664 1834 sqq.
2711 1752 3041 1818 contendit
3083 1753 3420 1817 maximam
3466 1751 3703 1816 Donati
3745 1746 3938 1817 ‘artis’
3989 1761 4237 1834 partem

660 1878 873 1942 redire
917 1874 1001 1938 ad
1049 1874 1129 1938 M.
1177 1874 1528 1934 Pletium
1574 1871 2126 1937 Sacerdotem.
2169 1871 2390 1953 itaque
2433 1890 2596 1951 opus
2644 1878 2774 1952 est,
2819 1876 2893 1935 ut
2937 1872 3019 1937 de
3061 1872 3182 1936 hac
3225 1889 3296 1935 re
3340 1888 3546 1952 pauca
3590 1871 3924 1936 addamus.

921 1994 1313 2058 Weeteelius
1373 1990 1607 2056 Donati
1668 1990 2022 2055 doctrinam
2084 1992 2169 2055 ad
2216 1989 2628 2056 Sacerdotem
2690 1990 3087 2055 referendam
3158 2008 3304 2056 esse
3361 1989 3672 2071 imprimis
3718 2008 3796 2054 ex
3837 1990 3917 2054 iis
3978 1988 4238 2071 colligit,

664 2134 829 2198 quae
877 2122 1141 2194 uterque
1189 2110 1266 2174 de
1317 2109 1519 2174 medis
1565 2109 1741 2174 verbi
1771 2108 2191 2192 explicatam).
2280 2110 2394 2175 sed
2442 2109 2615 2192 apud
2647 2108 3060 2174 Sacerdotem
3103 2129 3162 2190 p.
3200 2109 3345 2186 432,
3379 2109 3459 2173 18
3486 2102 3677 2172 ‘modi
3706 2107 4042 2173 verborum
4088 2113 4240 2172 sunt

660 2230 997 2318 euinque&-
1033 2229 1566 2314 jis-eeteetietivus
1595 2228 2009 2311 imperativus
2041 2228 2366 2310 optativus
2397 2228 2832 2294 subiunctivus
2863 2226 3181 2306 infinitus3
3227 2236 3292 2292 et
3335 2228 3595 2292 additur
3638 2228 3949 2309 quosdam
3981 2229 4237 2308 tempus

668 2358 945 2421 futurum
973 2354 1229 2414 nmium
1265 2348 1588 2430 appellare
1609 2346 2078 2431 promissivum,
2109 2348 2224 2413 sed
2248 2346 2391 2412 illos
2425 2365 2658 2428 errare,
2688 2347 2858 2429 quod
2887 2353 3140 2429 tempus
3170 2347 3452 2412 futurum
3484 2346 3570 2412 sit
3599 2347 3812 2428 specie
3842 2345 4241 2428 promissiva.

660 2474 1013 2542 eeeundum
1041 2470 1361 2534 Donatum
1385 2485 1530 2532 vero
1552 2487 1615 2548 p.
1641 2467 1786 2546 381,
1814 2469 1892 2531 17
1915 2461 2108 2530 ‘modi
2135 2470 2302 2545 sunt,
2346 2472 2420 2530 ut
2445 2466 2629 2531 multi
2652 2466 3039 2546 existimant,
3071 2461 3355 2549 septem':
3398 2464 3795 2531 indicativus
3816 2464 4238 2554 imperativus

664 2594 1085 2674 promissivus
1137 2590 1460 2670 optativus
1507 2586 1941 2652 coniunctivae
1987 2583 2272 2649 infinitus
2316 2585 2791 2666 impersonalis;
2852 2586 3080 2649 modus
3124 2592 3338 2650 autem
3383 2584 3804 2665 promissivus
3849 2583 4059 2649 verbis
4103 2580 4239 2649 ‘sed

664 2718 829 2778 hune
889 2730 1001 2774 nee
1061 2710 1317 2774 medum
1377 2724 1501 2770 non
1560 2700 1924 2786 accipimus’
1980 2703 2405 2785 improbatur,
2466 2709 2532 2769 et
2588 2705 2671 2769 de
2735 2705 2922 2769 modo
2981 2703 3393 2785 impersonali
3438 2698 3623 2768 ‘hunc
3667 2703 3922 2784 quidem
3969 2699 4242 2768 modum’

660 2833 869 2914 iuquit
909 2826 1045 2910 ‘pre
1093 2846 1325 2910 genere
1369 2829 1480 2890 aut
1524 2822 1986 2905 significatione
2030 2822 2205 2887 verbi
2250 2817 2601 2903 accipiunt’.
2692 2828 2959 2904 uterque
3003 2823 3200 2904 igitur
3242 2822 3694 2904 promissivum
3740 2823 3997 2888 modum
4041 2822 4241 2901 reicit,

664 2954 965 3018 differunt
1009 2950 1177 3010 ieter
1221 2966 1293 3010 ee
1337 2946 1417 3010 de.
1461 2943 1649 3007 modo
1711 2942 2142 3025 impersonali.
2228 2942 2293 3007 id
2354 2960 2507 3007 vcro
2569 2941 2753 3007 nobis
2815 2948 3158 3024 propterea
3217 2940 3551 3007 offensioni
3612 2960 3738 3006 non
3803 2960 3949 3007 esse
4007 2940 4240 3006 debere

668 3078 855 3154 putet
901 3070 997 3130 W.
1045 3069 1249 3146 1146,
1305 3063 1473 3146 qued
1518 3062 1809 3127 Donatus
1853 3061 2021 3127 hunc
2063 3060 2318 3126 modum
2367 3079 2492 3126 non
2539 3060 2619 3126 ab
2665 3060 2957 3126 omnibus
3020 3061 3452 3142 grammaticis
3511 3061 3681 3126 inter
3739 3061 3963 3125 modos
4020 3055 4238 3122 referri

664 3190 1073 3274 profiteatur,
1133 3186 1249 3246 eed
1297 3202 1333 3246 a
1377 3180 1755 3262 quibusdam
1801 3180 1866 3246 in
1912 3180 2255 3262 generibus
2310 3179 2488 3245 verbi
2532 3180 2889 3258 numerari3
2948 3179 3166 3261 itaque
3220 3198 3360 3245 cum
3423 3180 3613 3244 etiam
3658 3179 3832 3259 apud
3878 3177 3939 3241 S.
3985 3172 4231 3254 species

660 3306 1109 3390 impet-senene
1153 3302 1443 3366 ultimum
1487 3304 1707 3365 teneat
1751 3299 1956 3365 locum
2009 3318 2342 3382 generum,
2403 3300 2617 3365 omnia
2671 3299 2834 3364 bene
2879 3317 2951 3364 se
3007 3299 3258 3364 habere.
3364 3300 3477 3362 sed
3540 3314 3652 3361 cur
3694 3295 3985 3357 Donatus
4048 3289 4233 3355 initio

668 3430 893 3494 medes
941 3426 1273 3486 enumeret
1321 3425 1599 3502 septem,
1644 3437 1784 3484 cum
1830 3437 1944 3484 sex
1987 3424 2237 3484 tantum
2282 3416 2557 3498 probet?
2644 3417 2782 3483 sine
2842 3416 3036 3481 dubio
3096 3415 3274 3479 nulla
3317 3415 3398 3477 de
3442 3412 3570 3477 alia
3626 3429 3822 3476 causa
3881 3410 4005 3475 nisi
4065 3409 4238 3491 quod

664 3550 841 3634 apud
901 3550 1222 3610 auctet-em
1301 3546 1546 3622 septem
1606 3539 1700 3603 illi
1793 3538 1963 3604 modi
2023 3535 2631 3621 exhibebanturss).
2752 3541 2821 3600 at
2885 3535 3198 3599 Sacerdos
3257 3530 3525 3614 praebet
3583 3531 3882 3612 quinque.
3948 3567 4029 3576 —
4110 3528 4240 3595 Sed

664 3666 917 3734 etiamsi
961 3662 1098 3726 fieri
1145 3662 1466 3742 petuisse,
1527 3664 1599 3723 ut
1642 3658 1935 3723 Donatus
1981 3675 2057 3721 ex
2104 3655 2469 3721 Sacerdotis
2514 3655 2675 3720 libro
2734 3652 3041 3718 nonnulla
3098 3650 3477 3732 sumpserit,
3537 3668 3664 3715 non
3720 3667 3986 3732 prorsus
4048 3667 4240 3730 nega·

664 3786 897 3866 verim,
957 3790 1237 3846 ettamen
1285 3784 1802 3862 exspectaremus
1847 3776 2101 3840 Donato
2147 3775 2228 3838 de
2272 3775 2503 3840 ceteris
2548 3791 2830 3856 quoque,
2875 3790 3038 3853 quae
3082 3771 3277 3836 verbo
3321 3771 3649 3851 accidunt,
3706 3771 3763 3835 si
3805 3789 3932 3835 non
3979 3769 4061 3833 de
4105 3787 4239 3833 om·

664 3910 885 3982 nibus,
951 3902 1013 3966 in
1061 3902 1421 3966 universum
1484 3903 1698 3961 tamen
1744 3913 1883 3960 cum
1932 3899 2194 3959 auctore
2246 3894 2601 3959 convenire.
2692 3912 2728 3957 e
2774 3891 3091 3957 contrario
3140 3896 3356 3956 autem
3394 3909 3518 3955 non
3583 3890 3788 3955 solum
3839 3888 3965 3953 alio
4022 3886 4243 3951 ordine

664 4022 1021 4090 eeeidentie.
1065 4026 1502 4097 recensentur,
1548 4015 1665 4079 sed
1707 4013 2157 4078 desiderantur
2201 4012 2394 4077 etiam
2436 4006 2671 4076 ‘forma’
2723 4018 2789 4077 et
2829 4005 3117 4077 ‘modus'.
3203 4027 3393 4092 porro
3439 4010 3789 4075 secundum
3833 4007 4243 4073 Sacerdotem

664 4166 725 4226 p.
765 4146 909 4222 4:29,
957 4142 1037 4206 25
1077 4134 1377 4222 ‘qualitas
1425 4134 1485 4198 in
1546 4132 1758 4197 verbis
1816 4137 1929 4197 aut
1970 4130 2153 4197 finita
2196 4137 2326 4214 est,
2388 4136 2461 4195 ut
2504 4148 2678 4211 ame,
2740 4136 2854 4196 aut
2915 4129 3169 4195 infinita
3214 4135 3287 4193 ut
3330 4123 3595 4206 amare’;
3650 4126 3901 4191 Donato
3944 4119 4243 4206 ‘qualitas

664 4262 1006 4330 verberum
1053 4262 1117 4322 in
1165 4254 1369 4322 medie
1417 4256 1515 4318 est
1555 4255 1619 4317 et
1660 4251 1726 4316 in
1770 4246 2029 4316 formis'.
2115 4249 2349 4315 deinde
2392 4248 2637 4315 formae
2677 4249 3014 4315 verborum
3059 4253 3212 4314 sunt
3255 4248 3427 4328 apud
3473 4245 3548 4310 D.
3592 4249 3898 4326 quatuor,
3957 4242 4244 4325 perfecta

925 4470 1033 4546 59]
1077 4466 1237 4542 qued.
1281 4470 1474 4522 eutem
1504 4459 1711 4519 Scauri
1754 4458 2050 4536 expositio
2080 4457 2479 4517 introducitur
2507 4457 2707 4515 verbis
2735 4448 3005 4516 ‘Scaurus
3047 4454 3134 4512 ita
3177 4446 3511 4524 definit',
3555 4451 3705 4510 illud
3732 4442 3980 4510 ‘definit’
4023 4470 4244 4529 nequa·
4326 4526 4328 4529 Ι

668 4594 845 4650 quani
889 4574 965 4630 ad
1009 4566 1413 4626 definitienem
1455 4567 1687 4622 tantum
1731 4561 2028 4638 pertineat
2068 4578 2308 4619 necesse
2350 4564 2473 4630 est,
2517 4560 2621 4617 sed
2664 4557 3015 4635 plerumque
3056 4555 3217 4614 idem
3274 4553 3573 4630 significat
3617 4555 3774 4632 quod
3817 4555 4064 4612 verbum
4107 4543 4245 4611 ‘dis-

668 4670 921 4734 serendi’
981 4670 1225 4750 (Charis.
1273 4670 1596 4746 p.1*50,1.
1669 4670 1803 4739 168,
1842 4668 1896 4723 5.
1969 4662 2106 4734 175,
2144 4665 2242 4720 80.
2315 4665 2451 4732 186,
2489 4658 2593 4736 30)
2651 4661 2809 4736 apud
2867 4658 3213 4718 Diomedem
3275 4676 3395 4716 non
3454 4655 3651 4715 minus
3710 4656 3809 4732 (cf.
3857 4675 3915 4732 p.
3947 4659 4090 4726 415,
4141 4654 4243 4729 16)

672 4798 845 4854 quam
893 4774 1049 4850 apud
1093 4770 1317 4830 charis.
1365 4790 1421 4846 p.
1463 4773 1557 4841 12,
1590 4774 1644 4826 4.
1697 4772 1792 4840 14,
1839 4770 1933 4826 10.
1987 4768 2123 4838 168,
2163 4767 2255 4822 19.
2304 4766 2447 4834 225,
2487 4765 2540 4818 5.
2590 4765 2732 4834 231,
2773 4765 2826 4819 1.
2873 4763 3015 4830 265,
3051 4763 3151 4817 23.
3201 4759 3342 4830 267,
3381 4763 3480 4818 23.

929 4878 1033 4954 61])
1081 4878 1153 4934 de
1197 4870 1519 4930 Wenteelii
1561 4888 1758 4929 errore
1799 4868 2175 4927 inventorem
2215 4854 2475 4938 ‘septimi
2518 4851 2702 4920 casus’
2745 4860 2928 4920 fuisse
2971 4860 3345 4920 Sacerdotem
3388 4860 3461 4920 cf.
3507 4878 3685 4936 supra
3729 4860 3925 4919 adnot.
3978 4858 4073 4916 17.

929 4978 1033 5054 el]
1081 4978 1233 5034 sieut
1261 4974 1417 5050 apud
1447 4971 1670 5032 charis.
1714 4990 1774 5048 p.
1817 4975 1955 5043 168,
1995 4973 2032 5027 2
2077 4968 2358 5047 (auctore,
2402 4963 2469 5024 ni
2497 4962 2691 5038 fallor,
2735 4961 3105 5041 Geminiano)
3137 4968 3198 5022 et
3227 4965 3524 5040 Anonym.
3610 4959 3710 5020 Gr.
3737 4961 3839 5020 lat.
3870 4961 3921 5033 1,
3967 4963 4109 5028 562,
4142 4960 4243 5017 21.
