4817 5934
593 793 976 860 meditativa
1015 790 1486 873 frequentativa
1525 790 1893 857 inchoativa
1935 791 2109 875 (359,
2157 793 2300 877 10);
2357 791 2625 858 formam
2668 791 2865 874 igitur
2906 789 3243 856 verborum
3303 790 3575 858 eandem
3617 789 3934 873 intellegit
3988 810 4179 874 quam

595 911 980 993 Dositheus,
1045 911 1414 992 Anonymus
1460 909 1569 976 Gr.
1614 910 1725 975 lat.
1762 911 1829 990 Ι,
1889 910 2290 992 Victorinus,
2354 929 2645 993 quaeque
2706 910 2955 993 species
3001 928 3042 974 a
3098 908 3461 990 Prisciano‚
3523 927 3565 976 a
3621 909 3931 992 Dionysio
3996 901 4177 988 εἶδος

599 1029 980 1114 appellatur.
1093 1035 1318 1094 contra
1361 1028 1692 1094 Sacerdoti
1735 1029 1910 1111 (429,
1940 1029 2053 1114 20)
2095 1029 2338 1096 formae
2383 1031 2720 1097 verborum
2764 1037 2917 1096 sunt
2960 1029 3154 1110 duae,
3199 1028 3558 1111 personalis
3604 1035 3669 1094 et
3710 1029 4177 1110 impersonalis.

600 1151 874 1233 denique
930 1167 1072 1215 cum
1138 1147 1242 1213 hic
1301 1165 1538 1228 genera
1599 1147 1936 1214 verborum
1999 1149 2340 1231 protulerit
2400 1168 2659 1232 novem,
2720 1149 2893 1232 apud
2955 1148 3031 1213 D.
3074 1148 3243 1214 sicut
3300 1147 3473 1230 apud
3528 1148 3873 1231 plerosque
3920 1155 4180 1215 exstant

599 1269 894 1352 quinque.
985 1267 1154 1332 adde
1199 1265 1368 1348 quod
1415 1265 1478 1332 S.
1523 1266 1736 1332 verbis
1782 1267 2248 1349 deponentibus
2294 1273 2360 1334 et
2402 1269 2647 1335 neutris
2692 1267 3035 1351 participia
3074 1267 3297 1332 tribuit
3339 1273 3647 1349 quatuor,
3691 1267 3983 1333 Donatus
4027 1268 4173 1334 duo.

597 1389 780 1454 vides
825 1388 1023 1470 igitur
1065 1390 1274 1450 totum
1315 1385 1494 1450 verbi
1540 1391 1826 1468 systema
1871 1405 2136 1468 prorsus
2183 1407 2331 1454 esse
2376 1389 2720 1454 diversum.

856 1505 1036 1584 Quae
1077 1509 1291 1570 autem
1337 1509 1606 1586 uterque
1649 1506 1731 1572 de
1775 1506 2240 1588 schematibus,
2286 1509 2368 1573 de
2415 1506 2855 1590 metaplasmis
2902 1514 3019 1571 cet.
3077 1503 3375 1584 tradidit,
3432 1504 3499 1570 in
3556 1504 3637 1570 iis
3696 1522 3857 1570 sane
3915 1506 3973 1572 is
3992 1557 4009 1588 ,
4070 1507 4179 1587 qui

599 1643 778 1692 more
805 1622 1139 1689 Wentzelii
1184 1622 1476 1688 omnibus
1519 1624 1954 1705 grammaticis
1999 1625 2260 1708 reliquis
2305 1625 2616 1709 neglectis
2661 1625 2869 1692 solum
2899 1624 3221 1690 Donatum
3253 1641 3395 1688 cum
3427 1623 3773 1690 Sacerdote
3818 1624 4177 1700 contulerit,

603 1762 916 1828 persaepe
957 1747 1202 1808 tantum
1248 1760 1628 1808 consensum
1675 1742 1998 1810 invenisse
2043 1745 2167 1810 sibi
2195 1745 2545 1827 videbitur,
2588 1751 2663 1810 ut
2692 1744 3012 1809 Donatum
3044 1761 3121 1809 ex
3150 1742 3499 1810 Sacerdote
3525 1743 3823 1809 hausisse
3854 1743 4175 1828 statuerit.

605 1865 722 1930 sed
763 1863 868 1945 qui
913 1861 1264 1928 doctrinam
1310 1862 1413 1927 vel
1454 1863 1672 1942 potius
1719 1863 1974 1946 singula
2017 1864 2214 1930 verba
2257 1867 2482 1931 horum
2527 1863 3083 1948 grammaticorum
3144 1862 3337 1927 etiam
3391 1880 3531 1928 cum
3576 1861 3907 1928 Diomedis
3953 1861 4175 1928 Chari-

603 1983 803 2065 siique
845 1980 1372 2064 explicationibus
1415 1981 1909 2064 comparaverit,
1950 1981 2274 2054 Donatum
2320 2007 2401 2054 ne
2457 1986 2681 2052 eodem
2732 1981 2986 2064 quidem
3018 1981 3195 2048 fonte
3226 1985 3421 2064 atque
3457 1980 3895 2061 Sacerdotem,
3942 1983 4177 2048 nedum

603 2101 792 2168 huius
833 2101 1041 2184 ipsius
1087 2105 1226 2165 arte
1269 2101 1689 2182 grammatica
1732 2120 1918 2166 usum
1961 2119 2109 2168 esse
2153 2100 2503 2166 concedere
2546 2121 2675 2168 non
2720 2101 3059 2167 dubitabit.

854 2219 981 2286 Sed
1025 2223 1100 2285 ut
1143 2219 1228 2283 ad
1271 2218 1641 2284 Diomedem
1687 2219 2058 2302 redeamuS,
2118 2221 2470 2286 secundum
2515 2221 2703 2288 huius
2750 2227 3104 2300 auctorem,
3159 2237 3348 2302 quem
3407 2217 3739 2284 Charisius
3797 2235 4049 2302 quoque
4107 2226 4177 2285 et

597 2339 773 2406 haud
819 2356 966 2404 raro
1013 2337 1328 2404 Sacerdos
1374 2343 1630 2404 secutus
1676 2347 1812 2420 est,
1855 2338 2418 2406 Cominianum
2461 2338 2663 2406 fuisse
2690 2339 2847 2406 mihi
2876 2343 3147 2406 constat.
3236 2337 3578 2404 Diomedes
3610 2338 3777 2404 enim
3808 2357 3933 2404 non
3970 2339 4175 2404 solum

597 2459 664 2526 in
709 2457 1104 2540 explicandis
1147 2457 1580 2523 schematibus
1637 2463 1706 2522 et
1763 2459 2204 2541 metaplasmis
2265 2461 2380 2524 sed
2440 2459 2633 2524 etiam
2689 2460 2756 2525 in
2817 2458 3173 2525 tractandis
3236 2457 3408 2522 vitiis
3469 2457 3779 2523 orationis
3846 2458 4177 2540 tropisque

599 2583 922 2643 auctorem
965 2576 1259 2644 adhibuit
1303 2575 1594 2642 Charisii.
1681 2595 1822 2643 cum
1867 2596 2018 2644 vero
2061 2577 2166 2644 hic
2197 2577 2522 2644 disserens
2554 2579 2635 2643 de
2664 2577 3060 2644 barbarismo
3094 2582 3161 2643 et
3192 2576 3570 2642 soloecismo
3600 2576 3876 2658 priorem
3908 2577 4179 2642 duorum

604 2700 954 2776 auctorum,
996 2713 1158 2777 quos
1201 2694 1290 2760 ibi
1321 2695 1676 2778 exscripsit,
1721 2696 2158 2763 Cominianum
2187 2697 2388 2764 fuisse
2416 2696 2557 2780 ipse
2590 2700 2985 2778 testetur⁶²)
3029 2701 3096 2762 et
3124 2713 3267 2762 cum
3296 2695 3471 2778 apud
3500 2695 3870 2762 Diomedem
3904 2696 4172 2762 alterius

599 2814 872 2881 Charisii
913 2814 1194 2880 auctoris
1237 2813 1480 2880 nullum
1525 2815 1882 2897 reperiatur
1923 2815 2298 2900 vestigium,
2343 2816 2715 2883 Cominiano
2755 2821 2967 2882 autem
3002 2834 3111 2897 ea,
3156 2814 3414 2897 quaein
3447 2813 3627 2880 initio
3658 2815 3743 2878 de
3776 2814 4171 2880 barbarismo

601 2933 933 3016 leguntur,
975 2940 1148 2999 certe
1191 2932 1550 2999 debeantur
1568 2935 1702 3018 ⁶³):
1763 2936 1868 3000 vix
1911 2935 2193 3001 dubitari
2236 2941 2481 3018 potest,
2526 2936 2676 3018 quin
2720 2935 3091 3002 Cominiano
3134 2953 3212 3000 ea
3272 2951 3523 3016 quoque
3574 2932 3961 2999 vindicanda
4020 2933 4171 3012 sint,

603 3071 770 3137 quae
826 3052 1155 3119 Charisius
1199 3057 1265 3118 et
1307 3053 1653 3119 Diomedes
1713 3056 1795 3119 de
1853 3055 2082 3120 ceteris
2145 3054 2350 3136 vitiiS,
2407 3055 2489 3120 de
2548 3055 3023 3137 metaplasmiS,
3080 3055 3164 3119 de
3220 3051 3651 3119 schematibus
3670 3103 3687 3133 ,
3744 3052 3827 3118 de
3880 3052 4087 3135 tropis
4134 3073 4174 3118 a

600 3171 918 3239 communi
963 3175 1223 3237 auctore
1265 3173 1717 3238 derivaverunt
1737 3176 1861 3255 ⁶⁴).
1949 3174 2200 3240 accedit
2245 3173 2418 3256 quod
2462 3174 2838 3240 Diomedem
2895 3173 3063 3241 sicut
3107 3172 3468 3240 Charisium
3526 3171 3671 3238 aliis
3730 3171 3891 3238 locis
3952 3171 4175 3239 multis

589 3287 823 3359 ‘artem’
873 3291 1065 3358 huius
1109 3291 1509 3373 grammatici
1553 3291 1972 3375 exscripsisse
2017 3299 2274 3358 constat
2292 3296 2318 3336 Β
2334 3294 2421 3376 ⁶).

853 3410 977 3490 Qui
1019 3411 1325 3476 tertius
1369 3411 1791 3478 Diomedis
1837 3415 2127 3478 auctor
2169 3411 2379 3491 fuerit,
2424 3417 2711 3478 statuere
2744 3413 2896 3478 mihi
2926 3431 3054 3478 non
3085 3410 3371 3494 contigit.
3400 3448 3484 3458 —
3528 3411 3626 3476 De
3671 3411 3979 3478 Scauro
4023 3429 4175 3476 vero

599 3547 804 3611 pauca
846 3534 1000 3596 sunt
1040 3529 1354 3596 addenda.
1445 3549 1586 3596 cum
1632 3531 1798 3597 enim
1839 3531 2030 3598 huius
2075 3530 2481 3598 definitiones
2525 3532 2697 3614 apud
2729 3531 3101 3597 Diomedem
3146 3548 3345 3611 saepe
3385 3529 3629 3596 nullum
3662 3529 3938 3613 excipiat
3967 3548 4177 3594 exem-

854 3837 960 3917 62)
1002 3859 1060 3916 p.
1093 3844 1238 3912 265,
1273 3845 1344 3898 2:
1385 3830 1494 3898 ‘De
1524 3839 1904 3913 barbarismo,
1951 3847 2019 3901 ut
2061 3841 2150 3901 ait
2183 3835 2612 3914 Cominianus'3
2659 3847 2803 3914 266,
2838 3846 2955 3902 15:
2994 3831 3105 3900 ‘De
3132 3839 3497 3912 soloecismo,
3540 3844 3609 3898 ut
3641 3837 3728 3898 ait
3757 3837 4173 3898 Cominianus'.

851 3941 958 4018 63)
1003 3942 1078 4000 of.
1124 3941 1391 4000 Diomed.
1426 3945 1568 4013 451,
1615 3947 1866 4002 21-33
1914 3951 1976 4002 et
2017 3943 2352 4004 Cominiani
2396 3945 2725 4004 doctrinam
2768 3946 2926 4022 apud
2973 3941 3197 4003 Charis.
3235 3945 3377 4015 265,
3423 3945 3651 4000 2—11.

850 4043 958 4120 64)
1003 4044 1251 4102 eandem
1294 4044 1648 4104 sententiam
1693 4045 1944 4121 protulit
1985 4045 2270 4106 Schottm.
2311 4045 2350 4106 l.
2383 4046 2423 4108 1.
2467 4067 2526 4124 p.
2565 4050 2659 4106 14.
2708 4048 2865 4126 quod
2907 4065 3051 4106 vero
3083 4045 3217 4106 Sch.
3263 4065 3333 4104 ea
3377 4061 3630 4123 quoque,
3676 4061 3828 4122 quae
3865 4042 4175 4102 Charisius

591 4163 650 4220 p.
684 4149 830 4218 283,
881 4147 1189 4218 15-287,
1240 4149 1316 4205 16
1357 4136 1450 4204 ‘de
1493 4146 1790 4207 schemate
1833 4139 2124 4208 dianoeas'
2175 4151 2377 4222 docet,
2422 4147 2765 4209 Cominiano
2809 4149 3041 4222 tribuit,
3080 4145 3369 4208 adsentiri
3412 4165 3531 4205 non
3574 4163 3840 4222 possum,
3884 4164 4007 4204 non
4050 4153 4174 4203 tam

595 4247 753 4326 quod
795 4246 902 4306 illa
943 4248 1102 4324 apud
1130 4245 1476 4307 Diomedem
1519 4249 1738 4308 frustra
1781 4248 2118 4329 quaerimus
2161 4270 2340 4329 quam
2384 4252 2545 4330 quod
2587 4249 2691 4311 Ch.
2734 4271 2794 4329 p,
2830 4251 2974 4325 279,
3005 4255 3085 4310 24
3130 4248 3413 4325 legimus:
3452 4237 3578 4308 ‘sed
3606 4266 3741 4306 cum
3769 4247 3845 4305 ad
3888 4246 4173 4306 oratorias

591 4348 847 4408 virtutes
887 4349 1188 4426 pertineat
1228 4350 1463 4410 schema
1503 4349 1810 4425 dianoeas,
1853 4371 1961 4412 nos
2001 4353 2077 4412 de
2120 4371 2190 4413 eo
2233 4351 2545 4434 loquemur
2586 4355 2747 4433 quod
2787 4354 3023 4414 schema
3064 4353 3268 4412 lexeos
3296 4342 3529 4411 dicitur’
3578 4349 3691 4427 (=
3716 4347 3987 4408 Diomed.
4027 4353 4173 4421 443,

599 4455 675 4510 12
707 4452 842 4530 sq.).
943 4471 1077 4510 cum
1133 4451 1322 4528 igitur
1379 4451 1759 4512 Cominianus
1814 4453 1948 4531 ipse
2003 4453 2165 4514 dicat
2219 4473 2284 4514 se
2342 4456 2419 4515 de
2478 4456 2874 4516 schematibus
2935 4454 3214 4515 dianoeas
3273 4473 3397 4513 non
3438 4452 3772 4513 locuturum
3818 4469 3978 4523 esse,
4038 4469 4174 4508 eum

593 4555 794 4610 tamen
840 4553 914 4612 de
954 4554 1068 4614 hac
1109 4572 1174 4614 re
1217 4554 1406 4629 egisse
1447 4573 1570 4614 non
1612 4555 1969 4615 credendum
2013 4559 2120 4616 est.
3125 4613 3133 4621 .

851 4653 958 4732 65)
1000 4654 1375 4717 Sacerdotem
1417 4674 1560 4717 vero
1576 4702 1593 4732 ,
1651 4676 1827 4737 quem
1881 4657 2183 4719 interdum
2225 4677 2304 4717 ex
2346 4657 2603 4718 Charisii
2645 4663 2886 4720 auctore
2926 4659 3186 4736 pendere
3248 4675 3428 4735 supra
3486 4655 3747 4716 diximus
3760 4699 3777 4728 ‚
3839 4652 4172 4713 Cominiani

588 4743 812 4814 'artem’
861 4751 1197 4833 inspexisse
1239 4757 1403 4818 nulla
1446 4765 1538 4819 est
1579 4779 1754 4819 causa
1767 4803 1786 4833 ‚
1832 4778 1937 4820 cur
1978 4779 2100 4821 non
2143 4763 2469 4822 credamus.
2510 4761 2691 4823 immo
2730 4781 2875 4823 vero
2918 4761 3137 4822 librum
3190 4759 3371 4820 huius
3429 4756 3795 4834 grammatici
3856 4757 3915 4816 ei
3964 4762 4172 4815 notum

587 4856 776 4916 fuisse
818 4855 1089 4918 firmatur
1132 4855 1208 4917 iis
1221 4901 1238 4930 ,
1293 4879 1446 4938 quae
1489 4862 1563 4921 de
1620 4863 1804 4924 verbo
1858 4863 2168 4942 exposuit,
2223 4883 2357 4924 cum
2399 4862 2488 4924 ibi
2529 4881 2706 4942 saepe
2748 4868 2955 4925 contra
2995 4861 3330 4924 Geminiani
3384 4861 3709 4923 doctrinam
3722 4905 3738 4936 ,
3794 4878 3946 4940 quae
4002 4857 4173 4916 nobis

586 4963 730 5020 nota
771 4965 864 5021 est
905 4977 982 5020 ex
1027 4957 1322 5032 Charisio,
1366 4967 1607 5037 pugnet.
