4817 5934
1414 795 1700 855 Donatus.

1131 912 1549 990 Anaphora
1593 920 1706 973 est
1748 913 2031 974 relatio
2079 914 2422 973 eiusdem

686 1014 906 1075 verbi
941 1032 1073 1090 per
1108 1015 1497 1092 principia
1524 1034 1874 1076 versuum
1908 1015 2423 1091 plurimorum,

688 1119 796 1174 ut:
838 1105 1069 1186 ‘natm
1114 1134 1317 1174 meae
1359 1118 1569 1178 vii-ea
1613 1138 1688 1176 m.
1733 1137 1808 1176 m.
1854 1138 1910 1195 p.
1957 1138 2000 1177 e.

845 1226 1053 1290 nate,
1101 1222 1337 1294 patria
1381 1242 1421 1278 H.
1477 1242 1529 1298 q.
1577 1226 1616 1278 t.
1664 1219 1727 1279 Τ.
1775 1212 2060 1279 temnis'
2112 1218 2313 1295 (Verg.
2350 1221 2422 1278 A.

957 1326 1005 1390 1,
1045 1326 1165 1378 554
1193 1326 1325 1398 aq).

1001 2238 1389 2314 Epanalepaia
1433 2246 1521 2298 eat
1565 2239 1734 2299 ⁴wethi
1773 2239 1838 2298 in
1881 2241 2176 2317 principio
2219 2259 2428 2302 verene

693 2342 873 2414 puniti
921 2342 981 2398 in
1029 2342 1285 2398 uiue-dum
1337 2342 1453 2398 flue
1498 2341 1795 2418 repetitiO,
1838 2346 1935 2401 ut:

688 2430 897 2498 ‘ante
961 2442 1181 2498 etiam
1249 2454 1632 2518 nepti-um
1675 2443 1746 2500 D.
1795 2461 1841 2501 r.
1887 2463 1937 2503 e.
1983 2434 2180 2504 ante’
2224 2443 2429 2521 (Verg.

696 2542 1053 2618 G.2,535}

1473 2851 1898 2926 Epizeuxie
1941 2855 2055 2911 est
2098 2850 2428 2912 ciusdem

3233 795 3565 853 Diomede&

2654 914 2739 971 De
2771 912 3091 990 anaphora.
3157 914 3568 989 Anaphora
3601 919 3717 972 est
3748 913 4027 974 relatio
4065 914 4261 973 eius·

2530 1013 2685 1072 dem
2724 1014 2945 1075 verbi
2991 1020 3123 1073 aut
3155 1014 3445 1076 similia
3490 1032 3619 1091 per
3664 1014 4067 1091 principia
4097 1034 4261 1076 ver-

2530 1134 2737 1172 suum
2783 1113 3321 1191 plurimorum,
3370 1122 3479 1175 ut:

2613 1207 2845 1288 ‘nate,
2892 1236 3088 1276 meae
3131 1237 3191 1278 v.
3237 1237 3311 1275 m.
3355 1238 3430 1276 m.
3476 1239 3533 1295 p.
3579 1239 3624 1278 s.

2616 1324 2823 1391 nate,
2870 1318 3127 1395 patrie
3170 1339 3215 1378 e.
3249 1338 3305 1399 q.
3341 1325 3383 1378 t.
3417 1320 3481 1380 Τ.
3513 1328 3555 1382 t.
3588 1339 3623 1379 a
3652 1326 3695 1380 t.
3732 1340 3783 1380 c.
3817 1338 3868 1378 e.
3902 1341 3949 1380 s.
3980 1324 4022 1379 t.
4054 1339 4114 1380 n.
4144 1339 4201 1396 p.

2618 1418 2819 1496 (Verg.
2843 1422 2917 1479 A.
2943 1423 2994 1491 1,
3023 1425 3143 1478 664
3167 1421 3353 1501 sqq.);
3397 1423 3569 1482 item:
3604 1468 3619 1481 .
3642 1414 3658 1481 .
3683 1467 3698 1482 .
3736 1422 3832 1501 (A.
3862 1427 3955 1496 12,
3982 1422 4057 1480 57
4088 1422 4261 1501 eqq.).

2659 1523 2768 1582 Est
2811 1528 2872 1582 et
2914 1523 3173 1581 secunda
3216 1525 3535 1601 anaphora.
3623 1543 3733 1601 per
3776 1542 3954 1604 quam
4011 1523 4264 1583 elocutio

2531 1642 2653 1682 non
2697 1622 3122 1684 convenienter
3164 1627 3530 1702 respondens
3571 1627 3645 1685 ad
3681 1625 3841 1684 aliud
3883 1626 4140 1685 refertur
4171 1643 4267 1684 oc·

2534 1724 2706 1798 culte,
2751 1731 2820 1785 ut
2862 1731 2952 1784 est
2995 1727 3153 1802 apud
3187 1726 3531 1787 Sallustium
3576 1726 3770 1806 (Catil.
3801 1726 3902 1805 18)
3934 1772 3948 1787 .
3981 1773 3995 1786 .
4025 1771 4040 1787 .
4075 1747 4126 1800 .;
4169 1726 4267 1786 hic

2529 1816 2622 1886 ‘de
2667 1818 2802 1907 qua’
2842 1827 3213 1903 intellegitur
3258 1830 3329 1888 de
3374 1830 3800 1889 coniuratione.

2660 1930 2750 1987 De
2808 1929 3170 2006 epanalepsi.
3256 1931 3645 2009 Epanalepsie
3700 1936 3792 1990 eet
3848 1950 3981 1991 cum
4043 1931 4266 1989 maiore

2533 2030 2870 2106 significatu
2911 2031 3069 2091 facta
3108 2032 3403 2109 repetitio,
3448 2041 3517 2094 ut
3547 2039 3639 2094 eet
3668 2032 3730 2092 in
3767 2033 4019 2092 Horatio
4064 2031 4267 2110 (carm.

2535 2132 2618 2206 11,
2662 2132 2969 2212 14,1sq.)

2534 2239 2595 2293 et
2624 2234 2799 2294 aliter
2839 2236 3200 2312 epanalepsis
3224 2236 3333 2313 fit,
3384 2255 3509 2295 cum
3553 2239 3745 2295 eadem
3789 2238 3964 2297 diano
4009 2245 4067 2294 et
4099 2238 4269 2313 prin-

2535 2338 2743 2412 eszium
2788 2355 2985 2395 versus
3028 2346 3085 2395 et
3112 2340 3430 2397 clausulam
3478 2349 3646 2410 tenet,
3698 2349 3763 2397 ut
3794 2330 3981 2417 ‘pater
4016 2381 4030 2395 .
4065 2379 4079 2395 .
4114 2380 4129 2394 .
4161 2356 4268 2414 pa-

2537 2429 2641 2497 tet-⁹
2686 2436 2824 2515 (inc.
2871 2445 3022 2515 trag.
3065 2461 3121 2500 v.
3161 2445 3283 2499 214
3328 2440 3408 2518 R)
3469 2449 3531 2500 et
3568 2432 3786 2500 ‘ante
3830 2439 4059 2500 etiam
4104 2456 4270 2499 ece-

2534 2547 2789 2617 ptrum
2837 2540 2910 2599 D.
2943 2559 2990 2599 r.
3026 2560 3077 2601 e.
3123 2536 3318 2603 ante'
3369 2542 3577 2620 (Verg.
3612 2541 3678 2600 G.
3716 2546 3771 2616 2,
3812 2543 3959 2620 536)
4006 2546 4067 2600 et
4107 2531 4271 2600 ‘haec

2534 2642 2705 2703 navis
2750 2661 2800 2701 o.
2833 2643 3053 2718 praeda
3087 2644 3164 2719 8.,
3213 2663 3259 2704 c.
3297 2649 3360 2705 et
3387 2645 3429 2704 i.
3461 2664 3512 2704 e.
3547 2637 3782 2722 praeda’
3826 2646 3970 2722 (Cic.
4002 2645 4069 2704 in
4104 2644 4267 2705 Verr.

2534 2750 2647 2804 act.
2693 2762 2808 2805 sec.
2855 2745 2924 2819 V,
2971 2746 3063 2818 17,
3101 2751 3201 2805 44.
3262 2747 3337 2806 cf.
3382 2745 3633 2808 Quintil.
3670 2747 3782 2821 IX,
3822 2751 3878 2821 3,
3915 2747 4040 2826 34).

2661 2848 2747 2905 De
2788 2849 3075 2923 epizeuxi.
3166 2848 3587 2925 Epizeuxie
3631 2855 3745 2909 est
3786 2849 4118 2909 eiusdem
4164 2849 4271 2908 di-

696 2954 917 3010 πει-ἰπὶ
949 2954 1025 3010 in.
1057 2954 1305 3010 eodem
1337 2974 1557 3010 versu
1589 2953 1746 3012 sine
1774 2952 2038 3032 aliqua
2067 2953 2430 3015 dilatione
2535 2947 2823 3008 ctionis
2864 2949 2940 3008 in
2984 2950 3241 3010 eodem
3282 2968 3506 3012 versu
3564 2953 3727 3012 sine
3782 2951 4039 3031 aliqua
4082 2951 4271 3009 dila·

696 3054 1309 3130 cungeminatiu‚
1357 3066 1465 3114 ut:

692 3146 833 3214 ‘me
865 3174 1001 3226 ma,
1045 3158 1301 3214 adeum
1333 3178 1389 3234 q.
1421 3158 1461 3214 f.
1497 3158 1533 3214 i.
1565 3175 1640 3214 m.
1671 3175 1719 3216 c.
1750 3146 1812 3215 f.’
1857 3156 2058 3234 (Verg.
2084 3161 2155 3217 A.
2179 3163 2237 3232 9,
2262 3159 2431 3237 425).

1433 3361 1984 3421 Paronomasia
2027 3366 2143 3422 est
2183 3364 2433 3425 veluti

700 3462 1050 3538 quaedam
1101 3462 1648 3535 denominatio,
1694 3469 1806 3522 ut:

700 4266 893 4334 ‘nam
953 4278 1289 4352 inceptio
1337 4276 1901 4338 autumantium
1959 4278 2139 4339 haut
2188 4299 2435 4341 aman·

700 4370 905 4438 tium*
965 4378 1221 4454 [Terent.
1257 4379 1441 4438 Andr.
1481 4382 1529 4450 1,
1565 4382 1619 4451 3,
1657 4379 1778 4455 13).

829 4582 1061 4642 &chasia
1105 4590 1421 4642 onomaton
1461 4590 1553 4642 eet
1585 4583 1898 4643 multitudo
1945 4585 2252 4645 nominum
2295 4607 2433 4648 con·

700 4682 1037 4742 iunctorum
1085 4686 1337 4762 quodam
1385 4686 1593 4746 habitu
1638 4685 1972 4762 copulandi,
2017 4693 2114 4746 ut:

700 4774 788 4842 ‘M
808 4802 969 4842 arsa
1013 4802 1289 4858 manus,
1337 4786 1429 4846 Pe
1449 4786 1654 4862 ligna
1698 4788 1867 4861 coh„
1914 4788 2226 4850 Vestina
2268 4811 2324 4852 v.
2356 4781 2433 4852 ν]

704 4886 1341 4966 [Εῃη.ῃῃη,3,23ῡ>

2536 3052 2747 3112 tione
2781 3052 3211 3129 geminatio,
3244 3072 3367 3112 cum
3391 3057 3599 3132 impetu
3621 3054 4133 3131 pronuntiationis,
4172 3061 4262 3111 ut:

2622 3144 2755 3213 ‘me
2797 3173 2935 3226 me,
2984 3155 3236 3215 adsum
3281 3177 3339 3236 q.
3368 3157 3410 3215 f.
3441 3157 3480 3216 i.
3512 3177 3586 3216 m.
3620 3176 3670 3217 c.
3701 3158 3744 3216 f.

2625 3276 2659 3316 o
2705 3255 2777 3317 R.
2811 3275 2886 3315 m.
2915 3257 2989 3315 fr.
3020 3250 3088 3317 o.'
3140 3256 3340 3335 (Verg.
3371 3265 3446 3319 Δ.
3480 3266 3535 3333 9,
3569 3265 3690 3318 425
3723 3257 3900 3340 eqq.).

2669 3359 2753 3416 De
2779 3362 3214 3434 paronomasia.
3308 3361 3836 3421 Paronomaeia
3878 3366 3989 3420 eet
4025 3355 4261 3418 veluti

2542 3460 2896 3538 quaedam
2956 3461 3487 3536 denominatio,
3556 3483 3690 3523 cum
3747 3460 4121 3541 praecedenti
4162 3476 4267 3518 no·

2542 3560 2688 3620 mini
2732 3566 2836 3620 aut
2878 3562 3127 3621 verbum
3170 3569 3275 3624 aut
3316 3583 3535 3624 nomen
3578 3566 3915 3627 adnectitur
3959 3583 4037 3624 ex
4068 3563 4273 3624 eodem

2542 3664 2828 3739 figuram,
2890 3669 2958 3724 ut
3014 3666 3217 3741 fugam
3273 3665 3457 3744 fugit,
3520 3667 3787 3729 facinora
3842 3667 4015 3740 fecit,
4080 3670 4276 3743 gratas

2542 3767 2779 3843 gratiae,
2824 3765 2999 3827 Creta
3042 3768 3277 3829 decreta
3320 3774 3426 3843 eet,
3472 3790 3674 3847 pugna
3716 3774 3979 3848 pugnata
4020 3775 4131 3828 eet.

2543 3875 2606 3930 et
2668 3869 2842 3930 aliter
2897 3873 3307 3947 paronomasia
3361 3871 3480 3948 fit,
3562 3888 3685 3930 eum
3752 3872 3927 3931 diem
3994 3873 4268 3940 iteratur,

2523 3981 2757 4030 ,mutata
2803 3981 2989 4031 tamen
3036 3983 3138 4031 aut
3170 3973 3366 4032 littera
3412 3983 3516 4032 aut
3556 3974 3807 4050 syllaba,
3857 3973 4136 4055 quotiens
4168 3990 4273 4030 no-

2543 4075 2701 4135 mine
2762 4074 2943 4134 simili
2998 4074 3221 4135 utimur
3273 4076 3341 4136 in
3382 4076 3819 4152 significatione
3878 4075 4141 4145 diversa,
4207 4077 4278 4132 ut

2541 4183 2633 4237 eet
2674 4177 2831 4254 apud
2873 4177 3214 4238 Terentium
3258 4178 3471 4255 (Andr.
3511 4185 3559 4253 1,
3594 4184 3649 4252 3,
3687 4178 3824 4257 13):

2538 4269 2730 4338 ‘nam
2775 4279 3105 4356 inceptio
3152 4284 3270 4341 est
3312 4282 3742 4354 amentium,
3800 4280 3983 4340 haut
4023 4296 4266 4337 aman·

2539 4373 2774 4455 tium’,
2820 4390 2880 4440 et
2918 4383 3077 4460 apud
3109 4383 3437 4441 Ciceronem
3480 4382 3649 4462 (fig.
3696 4403 3771 4441 ex
3814 4402 3901 4442 or.
3948 4383 4058 4440 ine.
4096 4386 4133 4440 4
4176 4380 4263 4439 ed.

2540 4485 2691 4541 Bait.
2729 4485 2843 4541 vol.
2870 4484 2979 4555 XI,
3017 4484 3122 4561 34)
3156 4528 3173 4544 .
3207 4527 3223 4543 .
3254 4527 3270 4543 .
3304 4528 3347 4557 .,
3387 4495 3445 4544 et
3472 4485 3670 4564 (ibid.)
3706 4527 3721 4542 .
3753 4527 3768 4543 .
3804 4527 3848 4556 .,
3882 4487 4027 4546 item
4060 4484 4269 4562 (ibid.).
4336 4501 4339 4504 ·

2624 4587 2710 4644 De
2750 4584 2940 4644 schesi
2976 4598 3301 4647 onomaton.
3397 4588 3627 4647 Schesis
3673 4597 3974 4647 onomaton
4019 4595 4106 4646 est
4143 4604 4270 4644 cum

2539 4688 2785 4764 singulis
2852 4689 3168 4748 nominibus
3231 4692 3482 4767 epitheta
3553 4692 3857 4749 coniuncta
3921 4699 4087 4761 sunt,
4165 4698 4228 4747 ut
4244 4710 4263 4745 .-

2536 4781 2811 4849 ‘Marea
2855 4809 3136 4865 manue,
3183 4792 3504 4868 Peligna
3548 4792 3730 4867 coh„
3777 4793 3848 4854 V.
3883 4783 4045 4852 v.v.'
4088 4791 4265 4869 (Eun.

2539 4911 2674 4952 ann.
2710 4899 2763 4968 8,
2798 4892 2967 4970 280).
