4817 5934
308 1247 541 1310 septimo.

392 1761 468 1810 Do

273 1845 587 1909 pronomine.

293 2717 368 2766 Do
401 2715 574 2765 verbo.

247 2956 322 3004 Dc
356 2953 619 3004 adverbio.

2213 607 2677 678 ...6.-

652 800 924 867 nominis
984 801 1424 881 enuntiamus,
1487 807 1558 867 ut
1601 802 1791 868 arbor
1833 801 2000 884 lapis
2046 801 2246 869 herba
2288 808 2445 886 toga
2488 808 2555 869 et
2597 805 2700 870 his-
2744 804 2994 871 similia.
3080 804 3391 872 vocabulo
3446 805 3743 872 accidunt
3798 807 4025 872 eadem
4070 826 4241 891 quae

653 919 1089 1003 appellationi.
1160 938 1435 986 nomen
1482 927 1697 986 autem
1741 919 1994 1000 dicitur,
2038 923 2213 1003 quod
2258 941 2771 1006 unamquamque
2812 942 2947 988 rem
2993 929 3307 990 monstret
3350 941 3428 990 ac
3468 929 3664 1006 notet,
3708 924 3893 1006 quasi
3938 932 4237 992 notamen

652 1039 864 1104 media
907 1038 1160 1122 syllaba
1202 1057 1319 1122 per
1360 1057 1683 1122 syncopen
1729 1039 2080 1120 subtracta,
2125 1040 2229 1106 vel
2273 1059 2314 1106 a
2357 1041 2609 1108 Graeca
2651 1041 2895 1124 origine
2938 1040 3121 1128 παρὰ
3166 1039 3243 1108 τὸ
3287 1035 3513 1126 ὄνομα.

910 1159 1008 1223 17.
1076 1159 1349 1238 (Quarto
1392 1159 1582 1223 modo
1627 1157 1950 1240 profertur
1993 1159 2390 1241 septimus
2438 1167 2729 1242 casus),
2773 1179 2917 1227 cum
2949 1162 3253 1228 Latinum
3282 1162 3601 1244 eloquium
3632 1163 3697 1226 in
3729 1164 4005 1244 quodam
4034 1163 4232 1228 verbo

653 1275 897 1356 deficit,
958 1278 1134 1342 velut
1177 1277 1240 1342 in
1285 1276 1398 1342 illo
1443 1272 1632 1354 ὄντος
1671 1273 1898 1362 οὔσης,
1959 1271 2164 1366 ὄντων
2207 1271 2437 1346 οὐσῶν.
2526 1280 2794 1346 dicimus
2839 1281 3007 1345 enim
3054 1281 3148 1346 sic
3188 1275 3383 1346 ‘nullo
3427 1281 3655 1347 timore
3696 1281 3979 1347 hostium
4022 1287 4237 1348 castra

651 1391 930 1478 inrupit’,
971 1389 1171 1462 ‘nulia
1215 1415 1334 1480 spe
1365 1417 1492 1479 per
1521 1398 1654 1462 vim
1697 1398 2040 1478 (Anonym.
2071 1397 2182 1462 Gr.
2215 1397 2326 1463 lat.
2357 1399 2406 1479 Ι,
2436 1399 2581 1478 535,
2612 1401 2683 1479 3;
2726 1419 2977 1465 rerum.-
3022 1399 3341 1480 Diomed.)
3383 1399 3679 1480 potiundi
3722 1399 3894 1465 vallo
3935 1399 4239 1484 fossaque

653 1516 906 1580 moenia
964 1509 1361 1594 circumdat‘,
1424 1509 1634 1580 ‘nullis
1694 1514 2067 1582 custodibus
2120 1515 2473 1598 palladium
2518 1525 2809 1599 ereptum
2855 1513 3001 1598 est’,
3059 1513 3271 1584 ‘nullis
3316 1517 3569 1584 insidiis
3612 1518 3829 1600 palam
3874 1520 4085 1586 victus
4130 1525 4237 1598 est

655 1629 897 1700 hostis'.

915 1754 1012 1818 18.
1077 1753 1322 1818 Charis.
1379 1755 1493 1832 (=-·-
1547 1754 1596 1817 Ι.
1651 1753 2008 1836 Romanus)
2065 1754 2222 1834 136,
2267 1756 2378 1821 15:
2452 1755 2635 1821 Meus
2704 1757 2827 1821 mei
2892 1774 3033 1821 meo
3096 1773 3308 1820 meum
3374 1755 3461 1820 mi
3517 1774 3557 1821 a
3612 1774 3775 1821 meo.
3868 1755 4239 1824 femininum

651 1868 831 1938 ‘mea’
873 1880 946 1937 ut
985 1865 1270 1938 ‘Helena'
1311 1871 1752 1952 declinabitur,
1795 1873 2002 1954 inquit
2044 1873 2374 1938 Scaurus
2420 1873 2579 1939 artis
2623 1874 3079 1950 grammaticae
3122 1873 3302 1939 libris
3348 1875 3674 1957 additque,
3718 1877 3869 1958 quia
3898 1877 4237 1942 vocativus

655 1991 1000 2074 singularis
1060 1991 1312 2074 generis
1371 1991 1704 2057 masculini
1763 1990 2002 2057 multos
2065 1991 2458 2058 dissidentes
2519 1993 2711 2058 etiam
2770 2011 2940 2058 nunc
2998 1998 3289 2075 generat,
3352 2013 3391 2059 o
3434 1995 3521 2059 mi
3566 2014 3649 2060 an
3694 2014 3733 2059 o
3779 2013 3959 2061 meus
4021 1994 4237 2062 facere

654 2111 904 2177 debeat.

914 2231 1013 2295 19.
1079 2229 1325 2294 Charis.
1371 2229 1486 2313 (a
1517 2229 1566 2293 Ι.
1599 2229 1704 2314 R.)
1752 2229 1896 2310 133,
1945 2235 2010 2294 1:
2055 2229 2152 2294 Im
2179 2247 2298 2311 pro
2327 2249 2493 2296 eum.
2552 2248 2701 2295 nam
2746 2231 2839 2295 ita
2884 2229 3215 2297 Scaurus
3259 2232 3323 2296 in
3370 2238 3511 2298 arte
3556 2234 3975 2314 grammatica
4018 2234 4240 2315 dispu-

655 2349 819 2416 tavit
861 2349 1160 2432 antiquos
1199 2347 1286 2413 im
1346 2365 1506 2430 ques
1561 2348 1729 2413 hunc
1772 2349 2044 2414 eundem
2102 2347 2463 2431 significare
2518 2367 2867 2415 consuesse
2912 2354 2979 2415 et
3023 2350 3330 2416 declinari
3372 2351 3497 2417 ita:
3562 2352 3621 2418 is
3664 2353 3801 2419 eius
3846 2354 3905 2418 ei
3950 2371 4093 2418 eum
4138 2352 4240 2418 vel

656 2468 760 2549 im,
804 2485 1066 2534 numero
1110 2466 1344 2550 plurali
1388 2467 1464 2546 is,
1509 2473 1581 2531 ut
1623 2473 1725 2532 est
1767 2467 2020 2533 locutus
2063 2466 2382 2564 Pacuvius
2426 2467 2492 2532 in
2536 2467 2759 2533 Medo:

1785 2604 1944 2668 ques
1989 2593 2142 2652 sunt
2183 2587 2287 2652 is?
2371 2587 2588 2668 Ignoti
2631 2587 2848 2652 nescio
2892 2605 3068 2669 ques,

915 2707 1016 2771 20.
1081 2705 1259 2787 Serg.
1301 2705 1466 2789 expl.
1510 2705 1668 2785 552,
1711 2705 1827 2770 31:
1889 2705 2182 2787 Plerique
2241 2707 2476 2771 docent
2520 2711 2586 2770 et
2629 2706 3037 2772 conexionem
3096 2725 3243 2772 esse
3299 2707 3361 2770 in
3420 2707 3841 2774 declinatione
3885 2710 4243 2792 verborum,

663 2845 850 2909 quam
896 2826 1186 2891 Donatus
1234 2824 1413 2890 siluit
1453 2823 1555 2889 vel
1601 2824 1957 2890 Scaurus,

915 2947 1018 3010 21.
1087 2942 1570 3010 Adverbium
1615 2950 1718 3008 est
1761 2943 1992 3008 modus
2038 2944 2131 3007 rei
2169 2943 2468 3010 dictionis
2504 2943 2649 3028 ipsa
2676 2943 3197 3026 pronuntiatione
3230 2942 3551 3024 definitus,
3594 2952 3669 3009 ut
3694 2951 3869 3012 recte
3900 2947 4242 3030 diligenter

660 3065 916 3148 optime.
985 3062 1358 3128 adverbium
1404 3061 1638 3127 dicitur
1679 3062 1850 3143 ideo,
1893 3061 2192 3143 quoniam
2238 3064 2320 3128 ad
2353 3062 2528 3128 verbi
2573 3063 2781 3127 tendit
2824 3061 2889 3126 in
2936 3063 3161 3128 eadem
3207 3063 3531 3130 sententia
3574 3067 4129 3149 conspirationem,
4172 3074 4245 3132 ut

661 3189 835 3250 recte
876 3181 1128 3262 dixisti,
1189 3181 1531 3261 diligenter
1591 3179 1833 3262 fecisti,
1896 3180 2134 3263 optime
2175 3181 2409 3264 legisti.
2496 3181 2801 3247 adverbio
2847 3182 3007 3247 haec
3048 3181 3270 3249 iuncta
3313 3188 3466 3249 sunt
3507 3183 3876 3251 discrimina
3918 3187 4244 3268 generalia

661 3303 806 3384 tria,
849 3301 1054 3368 forma
1098 3301 1326 3366 modus
1369 3299 1592 3365 finitio.
1678 3299 1885 3365 forma
1929 3300 2216 3365 continet
2259 3307 2374 3366 aut
2418 3300 2769 3384 simplicem
2815 3306 2929 3366 aut
2972 3303 3420 3383 compositam;
3466 3302 3695 3369 modus
3725 3306 4013 3371 continet
4042 3325 4241 3390 quan-

661 3423 934 3501 titatem,
982 3425 1052 3486 ut
1080 3420 1228 3504 plus
1259 3419 1500 3498 minus;
1544 3417 1748 3484 finitio
1794 3419 2080 3484 continet
2121 3437 2453 3485 summam.
2540 3419 2843 3486 adverbia
2888 3427 3001 3485 aut
3044 3439 3201 3486 suae
3244 3427 3399 3485 sunt
3440 3422 3779 3503 positionis
3826 3430 3938 3489 aut
3980 3426 4061 3490 ab
4096 3425 4241 3491 aliis

662 3540 958 3624 partibus
1005 3538 1314 3604 orationis
1358 3539 1716 3604 trahuntur.
1803 3557 1923 3621 per
1967 3557 2038 3604 se
2082 3544 2453 3618 nascuntur,
2496 3544 2568 3603 ut
2610 3557 2831 3619 nuper.
2916 3539 3077 3603 haec
3120 3557 3285 3620 quae
3331 3540 3411 3605 ab
3456 3539 3599 3604 aliis
3644 3547 3986 3609 transeunt
4028 3545 4242 3611 varias

661 3661 902 3726 habent
943 3659 1200 3725 formas
1288 3676 1328 3723 a
1371 3659 1626 3722 nomine
1667 3657 1929 3740 proprio
1975 3657 2323 3738 ducuntur,
2367 3663 2443 3722 ut
2485 3657 2733 3722 Tullius
2778 3656 3095 3740 Tulliane3
3160 3659 3288 3723 alia
3332 3677 3371 3723 a
3414 3661 3815 3742 pronomine,
3873 3669 3945 3728 ut
3987 3665 4243 3730 meatim

664 3779 927 3860 tuatim3
987 3777 1142 3844 item
1188 3796 1228 3843 a
1270 3777 1493 3856 verbo,
1555 3783 1628 3842 ut
1671 3777 1938 3856 cursim;
2000 3776 2152 3840 item
2200 3794 2240 3841 a
2282 3777 2538 3841 nomine
2581 3782 2649 3841 et
2690 3776 2914 3856 verbo,
2975 3784 3047 3841 ut
3089 3779 3575 3861 pedetemptim3
3637 3780 3765 3846 alia
3809 3800 3849 3847 a
3890 3784 4242 3865 participio,

667 3905 738 3963 ut
779 3898 1122 3980 indulgens
1179 3897 1618 3980 indulgenter;
1679 3897 1831 3961 item
1878 3913 1918 3962 a
1963 3898 2217 3962 nomine
2272 3894 2692 3978 appellativo,
2750 3902 2823 3960 ut
2868 3895 3093 3962 docilis
3138 3897 3461 3979 dociliter;
3521 3898 3649 3965 alia
3694 3920 3733 3966 a
3776 3901 4109 3981 vocabulo,
4170 3906 4243 3965 ut

932 4158 1022 4215 17.
1088 4157 1356 4216 Diomed.
1398 4157 1537 4230 317,
1576 4161 1688 4215 34:
1732 4147 2019 4233 septimus
2054 4174 2197 4216 vero
2242 4175 2412 4215 casus
2454 4153 2549 4215 his
2593 4155 3134 4233 praepositionibus
3178 4176 3330 4237 quae
3371 4157 3630 4218 ablativo
3676 4157 3832 4216 casui
3877 4157 4245 4219 conveniunt

666 4260 984 4320 subtractis
1042 4260 1345 4336 profertur
1403 4259 1596 4318 modis
1654 4265 1952 4338 quattuor.
2058 4259 2249 4335 primo
2293 4291 2376 4302 ——
2421 4259 2680 4317 secundo
2725 4290 2809 4300 —
2852 4259 3033 4318 tertio
3077 4291 3162 4301 -
3204 4265 3448 4339 quarto,
3526 4264 3595 4318 ut
3654 4259 3975 4317 Scaurus
4033 4260 4241 4323 retulit

665 4383 799 4422 cum
844 4362 1123 4422 Latinum
1170 4406 1185 4420 .
1217 4408 1232 4420 .
1265 4406 1280 4420 .
1312 4406 1325 4422 .
1372 4361 1579 4422 hostis.
1665 4360 1890 4440 ubique
1947 4360 2106 4420 enim
2166 4360 2369 4420 deficit
2411 4361 2661 4420 Latinus
2718 4379 2937 4434 sermo,
3006 4362 3234 4422 seilicet
3287 4361 3448 4434 ideo,
3508 4361 3787 4440 quoniam
3832 4361 3947 4420 duo
3992 4363 4239 4424 ablativi

665 4465 996 4524 nominales
1039 4469 1180 4524 sunt
1222 4464 1502 4540 copulati.
1590 4463 1750 4544 quod
1794 4463 1845 4522 si
1889 4483 2044 4522 unus
2087 4481 2289 4522 eorum
2335 4462 2727 4540 participialia
2770 4463 2874 4536 sit,
2919 4483 3041 4522 non
3086 4463 3285 4524 deficit
3327 4463 3575 4522 Latinus
3616 4481 3837 4537 sermo,
3882 4465 3987 4524 sed
4029 4465 4242 4542 plenus

667 4572 784 4640 est,
846 4571 915 4626 ut
957 4585 1137 4642 supra
1178 4564 1431 4626 relatum
1475 4571 1568 4626 est
1607 4556 1879 4626 ‘ducente
1923 4567 2035 4625 dea
2076 4565 2311 4642 elapsus
2354 4571 2447 4625 est
2488 4555 2739 4624 Aeneas'
2786 4571 2847 4626 et
2890 4569 3085 4626 cetera
3126 4583 3278 4646 quae
3322 4565 3577 4624 seeundo
3622 4566 3796 4625 modo
3842 4570 4241 4645 exposuimus,

665 4695 755 4720 =
795 4667 1030 4728 Dosith.
1067 4672 1210 4740 394,
1254 4672 1281 4726 l
1319 4687 1452 4748 sqq.
1497 4674 1558 4728 ot
1587 4671 1886 4745 Anonym.
1929 4667 1968 4727 1.
2002 4666 2042 4727 l.
2093 4671 2228 4740 534,
2270 4673 2348 4726 25
2375 4685 2509 4748 sqq.
2555 4668 2659 4727 sed
2702 4668 2858 4744 apud
2890 4671 3270 4745 Anonymum
3313 4685 3421 4743 pro
3452 4665 3670 4727 Scauro
3713 4670 3915 4745 potius
3958 4673 4244 4746 Asprus

669 4771 868 4850 quarti
923 4769 1101 4830 huius
1141 4769 1300 4830 modi
1359 4774 1566 4830 auctor
1619 4770 1827 4830 ferm.
1915 4773 1978 4829 et
2021 4769 2198 4847 Aspri
2253 4787 2472 4830 nomen
2526 4771 2739 4846 probat
2780 4769 3087 4830 Diomedis
3128 4769 3439 4829 immemor
3478 4769 3775 4846 Bergkius
3818 4773 4001 4834 Beitr.
4045 4793 4095 4833 z.
4140 4773 4241 4834 lat.

667 4872 1035 4932 Grammatik
1077 4874 1126 4945 I,
1175 4877 1268 4931 11.

927 4979 1025 5033 20.
1092 4974 1364 5033 Diomed.
1399 4977 1541 5046 403,
1585 4977 1697 5033 20:
1741 4973 1994 5035 Scaurus
2035 4973 2123 5034 ita
2166 4973 2403 5035 definit:
2444 4974 2792 5036 adverbium
2836 5016 2852 5033 .
2882 5016 2898 5033 .
2932 5019 2947 5032 .
2979 5017 2994 5034 .
3036 4973 3414 5050 colligantur.
