4817 5934
2094 634 2607 704 ...49-..

1273 832 1589 892 Charisius,
3122 835 3417 894 Sacerdos.

1423 951 1652 1009 Schesz‘s
1697 963 1996 1010 onomaton
2041 962 2126 1011 εει
2171 971 2294 1009 cum

564 1056 621 1112 in
669 1062 830 1110 textu
867 1053 1066 1128 plures
1113 1055 1542 1112 antonomasiae
1578 1063 1890 1130 ponuntur,
1943 1064 2039 1112 ut.-

559 1144 815 1214 ’Μαι-38
846 1173 1114 1228 manus,
1162 1155 1229 1212 P.
1262 1174 1328 1227 e.,
1375 1155 1446 1214 V.
1480 1177 1532 1214 v.
1566 1147 1643 1214 κη’
1678 1155 1854 1232 (Eun.
1881 1175 2017 1217 ann.
2046 1162 2098 1229 8,
2130 1157 2296 1233 280).

2536 1261 2617 1316 De
2653 1259 3020 1336 parhomoeo.

695 1664 1078 1723 Par-homoeon
1123 1673 1226 1735 est,
1279 1684 1401 1723 eum
1449 1665 1620 1724 verba
1669 1669 1854 1724 omnia
1900 1669 2166 1726 simililer
2210 1670 2297 1727 in·
2534 1665 2917 1723 Parhomoeon
2976 1675 3062 1724 εει
3117 1685 3238 1723 cum
3300 1667 3613 1726 multorum
3674 1668 3991 1726 verborum
4055 1669 4141 1726 di-

566 1768 810 1844 cipiunt,
863 1775 958 1824 ut:
2405 1787 2713 1830 versorum
2769 1767 2943 1826 initia
3000 1767 3289 1826 similibus
3334 1769 3551 1827 litteris
3596 1768 4005 1844 proferuntur,
4072 1775 4141 1830 ut

570 1859 641 1927 ‘O
686 1868 870 1940 Tite,
916 1871 1068 1928 tute
1113 1868 1266 1928 Tati
1311 1875 1352 1928 t.
1381 1873 1424 1929 t.
1459 1875 1499 1930 t.
1531 1861 1594 1931 t!
1637 1870 1812 1948 (Enn.
1845 1891 1980 1930 ann.
2018 1876 2070 1942 1,
2107 1873 2269 1948 113).
2408 1917 2422 1931 .
2448 1915 2461 1930 .
2489 1918 2501 1930 .
2525 1915 2539 1929 .
2578 1869 2780 1946 (Verg.
2810 1874 2863 1941 3,
2900 1872 3058 1946 183),
3092 1875 3151 1928 et
3176 1916 3189 1928 .
3212 1915 3223 1926 .
3248 1915 3259 1927 .
3284 1917 3298 1928 .
3322 1870 3582 1948 (Terent.
3606 1871 3824 1930 Heaut.
3859 1875 3907 1942 1,
3936 1876 3991 1945 2,
4016 1871 4139 1949 35).

1443 1973 1938 2031 Homoeoteleuton
1984 1982 2072 2031 εει
2112 1973 2298 2030 oratio
2491 1975 2574 2031 De
2614 1972 3073 2030 homoeoteleuto.
3170 1972 3731 2045 Homoeoteleuton,
3794 1973 3954 2051 quod
4000 1993 4137 2032 eon-

1817 2079 1963 2154 μανι·
2002 2075 2301 2134 verborum
2403 2076 2651 2136 trarium
2685 2076 3043 2150 parhomoeo
3082 2083 3188 2148 eet,
3222 2076 3291 2132 fit
3318 2077 3434 2134 hoo
3467 2076 3659 2147 modo,
3706 2093 3839 2134 eum
3872 2075 4139 2135 diversae

565 2177 724 2230 exitu
751 2171 960 2249 finita,
1014 2184 1080 2232 ιιι
1104 2165 1256 2234 ‘'h-oe
1287 2176 1528 2235 reduci
1559 2198 1617 2257 q.
1647 2196 1697 2236 r.
1730 2178 1784 2236 d.
1817 2198 1873 2257 q.
1909 2179 1963 2237 d.
1995 2170 2089 2236 m.'
2118 2178 2297 2255 (Eun.
2406 2177 2698 2237 orationis
2743 2175 2893 2235 fines
2940 2177 3126 2235 isdem
3172 2173 3389 2238 litteris
3434 2177 3857 2250 terminantur,
3918 2184 3986 2237 ut
4030 2223 4043 2236 .
4078 2221 4091 2235 .
4125 2224 4138 2236 .

561 2275 760 2351 Iphig.
804 2275 920 2352 frg.
953 2277 1036 2352 9).
2407 2278 2607 2354 (Verg.
2641 2283 2713 2336 A.
2750 2282 2803 2349 8,
2838 2277 3004 2352 641).

1495 2791 1937 2867 Homoeoptolon
1983 2803 2070 2850 εει
2110 2793 2298 2849 oratio
2534 2791 2618 2847 De
2662 2789 3072 2866 Ιιοηιοεοριοιο.
3168 2790 3609 2865 Homoeoploton
3670 2800 3757 2846 εει
3807 2793 3993 2847 oratio
4040 2811 4141 2847 εω-

562 2907 881 2946 excurrens
927 2893 986 2947 ite
1031 2891 1248 2948 eosdem
1293 2909 1461 2948 casus
1504 2893 1736 2962 similes,
1789 2903 1885 2950 ut.-
2403 2909 2643 2949 currens
2682 2909 2792 2968 per
2834 2891 3047 2948 eosdem
3096 2909 3284 2961 οαειιε,
3336 2899 3402 2950 ut
3437 2935 3449 2950 .
3483 2936 3495 2949 .
3530 2935 3541 2948 .
3582 2891 3787 2967 (Verg.
3811 2896 3883 2952 A.
3910 2896 3965 2965 2,
3992 2893 4139 2968 394)

2401 3000 2465 3052 et
2499 3037 2512 3051 .
2537 3037 2550 3052 .
2578 3037 2592 3052 .
2629 2989 2795 3068 (ibid.
2823 2997 2877 3063 2,
2905 2992 3053 3070 262)
3093 3000 3154 3052 et
3184 3037 3198 3052 .
3229 3038 3241 3049 .
3268 3037 3281 3050 .
3316 2993 3576 3070 (Terent.
3608 2994 3861 3070 Adelph.
3894 2998 3942 3066 1,
3972 2999 4025 3068 2,
4057 2995 4140 3072 8).

2348 3129 2353 3164 Ι

982 3390 1365 3461 ‘merentes
1407 3401 1677 3462 flentes
1721 3402 2180 3464 lacrimantes
2222 3422 2298 3463 ao

564 3493 1016 3562 miserantes'
1061 3503 1240 3582 (Enn.
1271 3522 1406 3563 ann.
1450 3508 1498 3576 1,
1538 3504 1698 3581 107).

1206 3707 1548 3785 Polyptoton
1592 3719 1678 3767 εει
1720 3711 1910 3769 oratio
1949 3729 2060 3786 per
2093 3710 2298 3786 plures
2532 3709 2617 3767 De
2653 3708 2976 3784 polyptoto.
3073 3705 3410 3784 Polyptoton
3456 3719 3541 3766 εει
3572 3710 3756 3766 oratio
3795 3728 3904 3787 pet·
3942 3709 4140 3786 plur-es

561 3809 790 3866 variata
837 3825 1026 3879 casus,
1077 3818 1170 3866 ut.-
2405 3811 2635 3868 variata
2680 3828 2872 3879 casm,
2922 3819 3017 3866 ut:

642 4001 893 4071 ‘litora
938 4011 1278 4072 litoribus
1324 4033 1370 4072 e.
1415 4013 1477 4072 fl.
1523 4032 1579 4071 u.
2486 4005 2646 4074 ‘lito
2668 4031 2743 4072 ra
2783 4012 3126 4074 litoribus
3173 4033 3220 4072 e.
3264 4012 3339 4072 fl.
3384 4033 3441 4070 u.

651 4113 690 4171 i.
737 4133 787 4174 a.
833 4131 884 4173 a.
929 4134 988 4191 p.
1034 4114 1076 4173 i.
1123 4135 1178 4194 q.
1224 4133 1280 4172 n.
1327 4107 1398 4194 q?
1452 4114 1652 4195 (Verg.
1687 4117 1758 4176 A.
1801 4122 1855 4188 4,
1890 4121 2010 4175 628
2035 4116 2168 4196 sq.).
2489 4116 2835 4192 deprecor
2863 4135 2917 4175 e..
2946 4134 3001 4175 a.
3022 4135 3080 4192 p.
3104 4115 3143 4174 i.
3172 4135 3227 4194 q.
3256 4135 3313 4173 n.
3340 4107 3415 4194 q.’
3454 4113 3656 4192 (Verg.
3680 4118 3752 4173 A.
3778 4121 3835 4186 4,
3862 4119 3981 4173 628
4008 4115 4141 4195 eq.).

690 4218 922 4274 Hirmas
954 4226 1042 4275 εει
1067 4218 1260 4282 oratio
1305 4218 1476 4274 unius
1519 4226 1766 4276 tenorem
1810 4236 1978 4279 casus
2022 4220 2102 4280 ad
2139 4221 2296 4278 elau·
2528 4221 2614 4276 De
2657 4218 2857 4277 hirmo.
2948 4219 3179 4276 Hit-mos
3223 4225 3310 4274 est
3339 4217 3527 4272 oracio
3558 4217 3727 4272 unius
3761 4218 3973 4273 tenoris
4016 4236 4136 4275 εοε-

558 4318 745 4376 ειιΙαηι
807 4337 984 4396 usque
1041 4320 1365 4377 custodiens
1417 4326 1516 4376 ut.-
1577 4309 1969 4398 ‘principio
2027 4322 2296 4382 eaelum
2398 4321 2523 4378 dem
2566 4338 2736 4378 casus
2780 4318 2860 4377 ad
2898 4318 3212 4378 clausulam
3258 4335 3432 4395 usque
3474 4334 3820 4374 conservans
3862 4320 3925 4374 et
3955 4317 4137 4376 ratio·

558 4437 640 4480 ae
695 4425 741 4480 t.
789 4439 835 4480 e.
879 4441 934 4500 q.
982 4421 1021 4479 1.
1054 4420 1096 4481 1.
1129 4440 1185 4500 q.
1223 4440 1280 4495 g.
1315 4420 1354 4481 1.
1390 4421 1456 4481 T.
1504 4441 1555 4480 a.
1595 4441 1641 4482 e.
1677 4422 1719 4482 i.
1752 4415 1824 4482 αἶ
1889 4422 2092 4502 (Verg.
2127 4427 2198 4484 A.
2238 4431 2294 4500 6,
2399 4422 2660 4482 nabilem
2705 4423 3016 4482 continens
3061 4421 3345 4492 ordinem,
3386 4426 3486 4480 ut:

559 4519 682 4580 724
713 4520 888 4602 eqq.).
2395 4515 2789 4602 ‘principio
2833 4568 2849 4584 .
2882 4567 2895 4582 .
2931 4569 2945 4583 .
2986 4524 3181 4583 intus
3212 4515 3362 4582 alit’
3404 4521 3604 4599 (Verg.
3627 4521 3700 4578 A.
3729 4524 3783 4592 6,
3808 4518 3930 4576 724
3955 4519 4134 4599 sqq.).

1515 4697 1936 4804 Polymndetoti
1981 4739 2069 4788 εει
2100 4731 2291 4808 pluri-
2527 4731 2613 4788 De
2665 4729 3065 4807 polysyndeto.
3156 4725 3572 4804 polysyndeton
3624 4734 3709 4784 εει
3763 4725 3950 4782 oratio
4002 4724 4153 4801 plu-.

559 4825 661 4884 bus
684 4826 1174 4887 coniunctionibus
1195 4848 1346 4888 nexa
1371 4833 1585 4901 oratio,
1636 4838 1731 4888 ut.-
1779 4819 2291 4912 ‘Athe-masque
2395 4833 2558 4890 rimis
2602 4829 3097 4890 coniunctionibus
3140 4831 3439 4907 copulata,
3506 4836 3604 4886 ut.-
3667 4818 4131 4906 ‘Acamasque

557 4927 940 5009 Thoasque*
964 4929 1397 5012 Pelidesque
1433 4933 1946 5009 Neoptolemus
1990 4933 2290 5010 primus·
2395 4932 2773 5012 Thoasque
2825 4931 3257 5012 Pelidesque
3309 4932 3382 4990 N.
3416 4950 3475 5007 p.
3509 4952 3568 5011 q.
3600 4931 3681 4990 M.
3716 4949 3765 4989 e.
3799 4929 3881 4988 M.
3914 4947 3964 4988 e.
3995 4929 4034 4988 i.
4073 4928 4135 4988 d.

561 5048 695 5109 que
728 5029 810 5088 M.
848 5031 926 5090 Et
958 5029 1040 5090 M.
1077 5037 1140 5094 et
1171 5032 1212 5093 i.
1246 5035 1300 5092 d.
1334 5034 1374 5093 f.
1410 5026 1499 5093 E?
1555 5034 1756 5114 (Verg.
1790 5038 1864 5095 A.
1896 5039 1950 5109 2,
1985 5039 2107 5095 262
2131 5037 2290 5118 sqq.)
2392 5036 2435 5094 f.
2471 5027 2561 5095 E?
2612 5035 2815 5112 (Verg.
2848 5038 2921 5094 A.
2955 5039 3011 5108 2,
3046 5035 3211 5113 262).

559 5134 623 5191 et
661 5131 849 5192 aliubi
895 5133 994 5212 (A.
1032 5137 1084 5207 1,
1126 5133 1267 5212 178)
1312 5180 1326 5194 .
1361 5181 1375 5194 .
1409 5181 1424 5195 .
1458 5181 1471 5195 .
3480 5135 3512 5192 7
