4817 5934
2184 603 2695 675 -43-

2230 801 2652 867 Quintilianus.

650 964 662 978 .
712 964 726 979 .
775 962 788 975 .
828 917 1035 993 figura,
1081 916 1235 977 siout
1277 918 1516 978 nomine
1559 919 1689 997 ipso
1736 925 1917 997 patet,
1962 922 2349 982 conformatio
2395 921 2684 1001 quaedam
2730 921 3015 982 orationis
3058 926 3285 982 remota
3328 941 3364 980 a
3408 921 3705 982 communi
3750 929 3811 983 et
3854 920 4109 999 primum
4158 940 4223 981 se

654 1021 942 1080 offerente
985 1021 1218 1079 ratione
1261 1019 1401 1098 (IX,
1439 1025 1490 1095 1,
1526 1021 1608 1100 4).
1697 1042 1830 1082 oum
1875 1022 1954 1084 sit
1996 1024 2269 1101 proximo
2315 1023 2469 1082 libro
2515 1025 2588 1082 de
2635 1023 2825 1101 tropis
2868 1026 3116 1098 dietum,
3182 1024 3454 1104 sequitur
3508 1023 3815 1100 pertinens
3872 1024 3945 1082 ad
3989 1023 4225 1098 figuras,

651 1140 804 1203 quae
861 1114 1128 1198 σχήματα
1189 1141 1398 1197 graece
1439 1129 1755 1198 vocantur,
1819 1125 1983 1186 loous
2028 1127 2160 1202 ipsa
2199 1127 2287 1185 rei
2331 1129 2545 1186 natura
2590 1126 2938 1188 coniunctus
2982 1127 3290 1204 superiori.
3378 1145 3514 1184 nam
3560 1125 3828 1205 plerique
3872 1125 3979 1185 has
4023 1129 4226 1203 tropos

649 1243 780 1284 esse
823 1223 1344 1297 existimaverunt,
1391 1225 1547 1306 quia,
1593 1225 1720 1286 sive
1765 1245 1842 1286 ex
1885 1229 2023 1310 hoo·
2045 1229 2326 1288 duxerint
2367 1246 2617 1300 nomen,
2664 1229 2821 1307 quod
2866 1229 2988 1290 sint
3028 1227 3267 1289 formati
3312 1228 3565 1308 quodam
3611 1227 3813 1300 modo,
3860 1226 3988 1287 sive
4032 1245 4111 1286 ex
4154 1245 4223 1286 eo

650 1327 810 1406 quod
853 1331 1095 1386 vertant
1136 1325 1492 1400 orationem,
1555 1329 1714 1388 unde
1759 1334 1820 1390 et
1861 1333 2056 1390 motus
2100 1330 2403 1402 dicuntur,
2464 1330 2770 1390 fatendum
2816 1331 2930 1391 erit
2972 1350 3024 1392 e.
3062 1351 3119 1412 q.
3158 1352 3205 1392 s.
3262 1329 3409 1410 (IX,
3455 1333 3507 1402 l,
3548 1334 3574 1388 1
3616 1328 3749 1409 sq.).
3838 1347 3977 1406 ergo
4036 1327 4228 1406 figura

617 1428 728 1490 .sit
769 1434 900 1490 arte
941 1427 1141 1508 aliqua
1184 1436 1405 1490 novata
1445 1430 1636 1490 forma
1678 1431 1911 1491 dicendi
1961 1430 2096 1508 (IX,
2135 1437 2188 1506 1,
2227 1432 2348 1510 14).
2436 1431 2595 1492 inter
2637 1432 2922 1508 plurimos
2969 1477 2983 1493 .
3022 1478 3036 1492 .
3075 1477 3087 1492 .
3124 1478 3137 1493 .
3183 1450 3534 1492 eonsensum
3582 1434 3689 1504 est,
3736 1430 3880 1491 duas
3926 1431 4051 1490 eius
4096 1449 4224 1492 esse

649 1536 870 1607 partes,
915 1527 1203 1604 διανοίας,
1242 1531 1304 1590 id
1350 1537 1442 1592 est
1484 1533 1698 1593 mentis
1740 1533 1840 1595 vel
1875 1551 2082 1594 sensus
2123 1532 2225 1594 vel
2261 1533 2689 1594 sententiarum
2736 1578 2749 1593 .
2783 1579 2797 1592 .
2829 1577 2845 1594 .
2890 1540 2954 1595 et
2990 1529 3210 1606 λέξεως,
3256 1534 3319 1593 id
3350 1539 3441 1593 est
3468 1533 3785 1594 verborum
3821 1533 3919 1594 vel
3950 1531 4226 1593 dictionis

653 1632 753 1694 vel
797 1631 1147 1694 elocutionis
1189 1633 1287 1694 vel
1329 1635 1616 1695 sermonis
1658 1635 1758 1697 vel
1803 1634 2087 1696 orationis
2133 1633 2268 1712 (IX,
2310 1640 2360 1709 1,
2401 1636 2521 1714 17).
3004 1619 3013 1628 ’

1128 1769 1430 1830 Charisius
1476 1772 1616 1846 279,
1665 1776 1744 1830 22
1779 1791 1910 1851 sqq.
2999 1771 3283 1832 Sacerdos
3329 1775 3475 1842 455,
3526 1775 3561 1829 3
3598 1790 3729 1850 sqq.

782 1886 1182 1948 Schemata
1224 1888 1493 1949 lexeos
1537 1896 1713 1951 sunt
1753 1897 1828 1950 et
1872 1891 2268 1962 dianoeas,
2311 1889 2386 1949 id

656 1995 767 2049 est
809 1989 1108 2065 figurae
1151 1991 1548 2052 verborum
1597 2002 1667 2053 et
1711 2010 2071 2052 sensuum.
2130 1993 2232 2050 sed
2261 2011 2384 2049 eum

652 2089 732 2147 ad
760 2093 1057 2148 orator-ias
1093 2095 1332 2152 vtrtutes
1363 2097 1648 2171 pertineat
1679 2095 1904 2152 schema
1940 2095 2233 2164 dianoeas,
2282 2111 2388 2151 nos

650 2190 720 2249 de
762 2211 828 2250 eo
874 2193 1190 2270 loquemur,
1239 2195 1392 2272 quod
1429 2195 1655 2254 schema
1703 2196 1896 2254 lexeos
1939 2197 2177 2265 dabitur,
2228 2197 2389 2253 cuius

645 2293 858 2370 finitio
903 2303 992 2353 est
1035 2295 1170 2354 talis
1189 2319 1207 2353 .-
1273 2297 1496 2355 sehema
1543 2297 1734 2357 leoeeos
1777 2307 1864 2356 est
1905 2299 2044 2356 ordo
2090 2296 2386 2355 verborum

650 2397 827 2456 aliter
854 2415 1021 2475 quam
1050 2397 1244 2456 debuit
1264 2398 1574 2475 figuratus
1604 2403 1776 2460 metri
1797 2409 1903 2459 aut
1932 2401 2157 2459 decoris
2189 2417 2381 2457 causa.

1499 2502 1667 2560 huius
1710 2505 1928 2580 speeies
1969 2511 2104 2562 sunt
2146 2503 2378 2572 multae,

648 2602 751 2660 sed
791 2603 1147 2661 necessariae
1189 2604 1498 2662 traduntur
1537 2599 1818 2688 [XVIII]

1104 2705 1498 2784 prolepsis
1543 2726 1853 2783 zeugma
1897 2707 2386 2786 hypozeuxis

651 2805 1022 2884 syllepsis
1061 2805 1450 2888 [asyndeton]
1482 2809 1969 2886 anadiplosis
2002 2810 2387 2887 anaphora

649 2908 1148 2986 epanalepsis
1182 2911 1603 2987 epizeuxis
1632 2913 2147 2989 paronomasia
2178 2913 2384 2973 sohe·
3496 2912 3625 2960 '-

649 3011 754 3071 sis
798 3016 1207 3072 onomaton
1250 3013 1766 3089 parhomoeon
1811 3013 2382 3074 homoeoteleu-

648 3117 785 3174 ton
819 3113 1416 3190 homoeoptoton
1452 3115 1910 3194 polyptoton
1941 3114 2227 3175 hirmos
2259 3134 2382 3192 po-

647 3215 1060 3294 lysyndeto
1077 3235 1118 3274 n
1160 3217 1519 3296 dialyton.

1622 3318 1912 3397 Prolepsis
1956 3328 2041 3378 est
2082 3338 2206 3378 eum
2251 3328 2384 3378 ante
2621 3323 2706 3380 De
2765 3321 3099 3399 prolempst‘.
3194 3317 3414 3378 Prolem
3412 3319 3541 3396 pnls-
3604 3326 3692 3376 est
3746 3336 3870 3375 eum
3932 3325 4227 3394 antequam

646 3440 912 3480 numerus
955 3421 1128 3480 verbo
1167 3421 1431 3479 redditur·
1461 3439 1628 3499 quam
1659 3440 1754 3479 res
1781 3439 2127 3498 personaeve
2160 3421 2384 3498 finiun-
2432 3410 2439 3491 Ι
2492 3443 2587 3482 res·
2618 3424 2712 3482 vel
2731 3442 3019 3500 personae
3043 3421 3363 3500 finiuntur,
3415 3438 3687 3478 numerus
3718 3421 4078 3488 terminatur,
4130 3427 4223 3476 ut.-

649 3531 765 3594 tm·‚
815 3532 882 3581 ut
895 3546 914 3581 .·

772 3719 1179 3788 ‘continuo
1209 3746 1455 3805 reges,
1500 3729 1802 3805 ingenti
1835 3729 2026 3790 mole
2059 3728 2385 3788 Latinus
2615 3720 2950 3790 ‘interea
3006 3745 3411 3803 reges
3463 3719 3772 3785 eiroum’
3828 3729 3900 3785 et
3945 3727 4226 3801 oetera3

651 3831 1122 3910 quadriiugo
1166 3851 1223 3888 v.
1270 3849 1318 3890 c.
1362 3830 1420 3890 b.
1466 3831 1506 3890 i.
1547 3830 1612 3888 Τ.
1662 3877 1676 3892 .
1711 3875 1776 3892 ..
1822 3850 2024 3908 proc.
2071 3821 2384 3890 eastris'
2490 3833 2743 3892 iterum:
2784 3822 2892 3891 ‘et
2933 3830 3149 3889 iuxta
3193 3827 3575 3888 Ascanius
3620 3872 3636 3889 .
3670 3870 3734 3886 ..
3780 3816 4221 3904 procedunt’

651 3931 853 4011 (Verg.
887 3937 960 3991 A.
1002 3936 1094 4006 12,
1141 3935 1252 3991 161
1286 3933 1459 4013 sqq.).
2490 3935 2697 4013 (Verg.
2735 3937 2806 3992 A.
2850 3936 2945 4005 12,
2988 3935 3101 3991 161
3130 3931 3305 4011 sqq.).
