4817 5934
2153 621 2663 695 *35—

2202 821 2627 888 Quintilianus.

615 927 896 1003 carceris,
941 925 1210 986 carnifex
1252 918 1580 1003 praetoris’,
1622 926 1855 1005 reliqua
1897 927 1963 1005 (1.
2007 926 2046 986 L
2095 924 2127 1005 5
2167 925 2334 1003 124).
2423 926 2507 986 sit
2563 931 2770 1002 aperta
2788 971 2805 999 ,
2864 928 2932 985 ut
2974 924 3245 1001 intellegi
3292 923 3516 1002 possit,
3579 944 3697 984 non
3743 925 4083 999 immodica,
4131 931 4203 986 ut

618 1029 899 1092 memoria
942 1027 1253 1089 contineri.
1343 1028 1406 1108 (1.
1451 1028 1488 1087 l.
1540 1026 1574 1107 ἓ
1613 1029 1780 1108 125.)

873 1130 1035 1190 Illud
1078 1149 1320 1208 prorsus
1363 1129 1612 1190 oratoris
1625 1177 1640 1204 ,
1701 1130 1852 1190 scire
1909 1129 2014 1188 ubi
2079 1148 2316 1211 quoque
2361 1149 2577 1206 genere
2620 1129 3065 1206 compositionis
3106 1130 3188 1190 sit
3226 1131 3531 1190 utendum.
3620 1149 3689 1189 ea
3733 1129 3957 1207 duplex
3998 1132 4205 1190 obser-

616 1234 780 1294 vatio
827 1237 952 1293 est:
997 1233 1214 1304 altera,
1259 1251 1410 1312 quae
1453 1232 1529 1291 ad
1568 1231 1752 1308 pedes
1795 1233 2079 1306 refertur,
2137 1232 2324 1292 altera
2368 1252 2521 1310 quae
2562 1233 2640 1292 ad
2683 1232 3169 1310 conprensiones,
3225 1251 3378 1311 quae
3420 1231 3763 1291 efficiuntur
3808 1251 3885 1290 ex
3928 1232 4207 1309 pedibus,

671 1383 684 1397 .
730 1337 772 1396 1.
892 1340 920 1394 1
933 1340 1005 1394 21
1041 1382 1054 1395 .

618 1337 790 1516 gsid.
819 1335 908 1510 {L
954 1339 1052 1510 19),
1095 1441 1167 1496 2:
1209 1437 1280 1494 In
1323 1437 1530 1508 litenis,
1581 1445 1646 1494 ut
1688 1439 1959 1495 iunctura
2005 1444 2145 1512 apta
2189 1444 2248 1494 e!
2287 1439 2627 1496 conveniens
2658 1439 2736 1494 sit
2752 1459 2771 1493 :
2820 1445 2880 1493 ct
2910 1438 2996 1493 sic
3030 1434 3463 1506 observandum,
3503 1455 3574 1493 ne
3611 1437 4005 1513 praecedentis
4043 1437 4209 1496 verbi

620 1549 880 1600 extrema
924 1540 1140 1597 vocales
1183 1539 1242 1596 in
1285 1539 1518 1596 candem
1561 1539 1810 1598 vocalem
1849 1539 2098 1616 primam
2141 1537 2363 1596 fracida!
2404 1535 2569 1596 verbi
2604 1540 2888 1615 sequentis
2904 1580 2923 1609 ,
2975 1548 3039 1595 ut
3076 1528 3342 1616 [feminac
3385 1527 3757 1614 Aegyptiac':
3823 1557 3969 1616 quae
4009 1548 4201 1597 struc-

627 1653 764 1700 tura
811 1642 1006 1700 melior·
1031 1640 1135 1717 fit,
1185 1642 1244 1697 si
1281 1649 1656 1700 consonantes
1699 1638 1992 1698 vocalibus
2035 1639 2462 1716 applicantur.)

1719 1945 2038 2022 plurimum
2081 1945 2269 2022 igitur
2313 1945 2714 2020 auctoritatis,
2758 1953 2828 2005 ut
2870 1945 3031 2017 dixi,
3076 1953 3137 2006 et
3178 1946 3457 2022 ponderis
3502 1947 3725 2006 habent
3765 1946 4005 2022 longae,
4051 1948 4205 2006 cele-

629 2049 821 2110 ritatis
863 2050 1110 2108 breves:
1157 2067 1307 2128 quae
1338 2049 1390 2107 si
1426 2048 1746 2108 miscentur
1789 2047 2142 2127 quibusdam
2184 2047 2377 2123 longis
2393 2093 2411 2121 ,
2455 2054 2725 2121 currunt,
2770 2048 2821 2108 si
2866 2047 3303 2121 continuantur,
3348 2047 3639 2108 exultant.
3726 2067 3889 2108 acres
3931 2069 4083 2131 quae
4126 2069 4204 2108 ex

630 2150 911 2210 brevibus
974 2151 1050 2209 ad
1110 2151 1319 2227 longas
1374 2149 1718 2226 insurgunt,
1777 2149 2036 2210 leniores
2095 2167 2248 2230 quae
2306 2169 2341 2208 a
2400 2149 2595 2225 longis
2652 2149 2718 2209 in
2773 2152 2984 2210 breves
3044 2151 3424 2210 descendunt.
3544 2150 3767 2228 optime
3822 2150 4111 2228 incipitur
4169 2172 4203 2211 a

625 2253 852 2328 longis,
914 2257 1075 2311 recte
1135 2251 1455 2332 aliquando
1499 2273 1534 2311 a
1576 2251 1886 2324 brevibus,
1947 2258 2016 2312 ut
2066 2242 2308 2312 ‘novum
2367 2243 2641 2311 crimen’:
2704 2252 2898 2312 lenius
2942 2272 2975 2310 a
3017 2253 3244 2310 duabus
3300 2251 3583 2310 brevibus
3602 2297 3618 2324 ,
3676 2258 3746 2311 ut
3785 2243 4198 2313 ‘animadverti

625 2345 866 2414 iudices'
885 2401 900 2426 ,
946 2355 1050 2413 sed
1093 2355 1206 2413 hoc
1249 2374 1356 2431 pro
1401 2353 1676 2414 Cluentio
1719 2361 1905 2427 recte,
1965 2353 2106 2434 quia
2148 2352 2389 2412 initium
2438 2351 2565 2411 eius
2609 2353 2920 2428 partitioni
2972 2352 3165 2412 simile
3209 2359 3331 2426 est,
3396 2373 3547 2432 quae
3604 2354 3907 2414 celeritate
3965 2357 4199 2430 gaudet.

628 2456 892 2517 clausula
937 2475 1174 2536 quoque
1218 2475 1250 2514 e
1293 2454 1486 2530 longis
1529 2455 1864 2515 firmissima
1908 2461 2026 2527 est,
2071 2455 2174 2513 sed
2219 2453 2388 2512 venit
2434 2459 2495 2512 et
2535 2454 2600 2512 in
2644 2457 2883 2529 breves,
2941 2455 3212 2535 quamvis
3256 2457 3542 2515 habeatur
3581 2455 3931 2516 indifferens
3974 2457 4201 2518 ultima.

627 2579 823 2639 neque
878 2557 1037 2618 enim
1103 2577 1211 2634 ego
1254 2557 1462 2633 ignoro
1519 2557 1586 2617 in
1629 2557 1748 2617 fine
1792 2576 1900 2634 pro
1941 2557 2120 2632 longa
2163 2555 2353 2631 accipi
2396 2557 2669 2629 brevem,
2733 2557 2875 2637 quia
2914 2559 3153 2617 videtur
3196 2556 3423 2635 aliquid
3467 2557 3734 2618 vacantis
3792 2560 4073 2637 temporis
4130 2579 4208 2618 ex

629 2681 698 2720 eo
717 2708 733 2735 ,
779 2661 938 2739 quod
982 2659 1348 2738 insequitur,
1393 2661 1666 2719 accedere
1713 2660 1778 2738 (1.
1822 2659 1862 2718 l.
1911 2658 2203 2735 91—93).
2293 2657 2461 2735 (Isid.
2510 2658 2547 2716 1.
2595 2657 2633 2718 l.
2681 2661 2960 2737 triumque
3002 2661 3432 2718 consonantium
3452 2703 3470 2730 ,
3520 2678 3666 2736 quae
3708 2663 3767 2718 in
3800 2680 3863 2719 sc
3893 2664 4208 2720 ancae'dentes

629 2766 875 2822 strider-c
918 2772 974 2821 ct
1017 2765 1192 2839 quasi
1228 2763 1433 2820 ria-ari
1473 2763 1733 2819 videntur·
1747 2805 1764 2830 ,
1815 2762 2048 2819 vitanda
2094 2763 2360 2819 iunctura
2403 2769 2491 2817 cst
2508 2803 2525 2830 ,
2575 2761 2638 2817 id
2678 2770 2764 2818 cst
2803 2781 2836 2819 r
2880 2780 2909 2818 s
2950 2782 2996 2819 x
3014 2804 3032 2832 ,
3094 2771 3157 2818 ut
3193 2751 3313 2820 ‘ars
3356 2755 3712 2830 studz‘orum’,
3761 2755 3889 2821 ‘rex
3931 2756 4197 2835 ,ἴση-σε’,

627 2857 814 2924 ‘error
839 2856 1121 2925 'Romuli’.
1196 2863 1492 2943 fugienda
1537 2873 1624 2921 cst
1667 2882 1988 2922 consonans
2033 2882 2085 2920 m
2129 2862 2288 2921 illisa
2334 2862 2646 2934 vocalibus,
2699 2872 2765 2920 ut
2800 2854 3013 2921 ‘verum
3055 2854 3271 2940 enim’.)

633 3137 760 3184 non
819 3122 1068 3200 potest,
1129 3117 1300 3200 quod
1360 3134 1488 3181 non
1551 3119 1652 3180 est
1711 3113 2014 3180 credibile
2056 3113 2372 3179 Isidorum
2421 3132 2531 3195 ea,
2592 3133 2758 3197 quae
2801 3115 2907 3180 lib.
2941 3116 3025 3196 11,
3074 3115 3154 3180 18
3195 3132 3331 3197 sqq.
3415 3109 3517 3180 ‘de
3560 3115 3734 3197 colo,
3789 3124 4100 3184 commate
4144 3123 4213 3182 et

630 3235 908 3320 periodo'
959 3253 1035 3303 ac
1074 3230 1176 3300 ‘de
1219 3235 1392 3300 vitiis
1436 3235 1790 3300 litterarum
1835 3236 1901 3298 et
1951 3232 2288 3299 verborum
2336 3238 2401 3298 et
2460 3233 2924 3299 sententiarum
2983 3232 3305 3300 cavendis’
3366 3233 3646 3298 breviter
3689 3233 4070 3318 disputavit,
4130 3255 4211 3302 ex

631 3356 960 3423 Diomedis
1005 3360 1144 3420 arte
1188 3353 1636 3435 grammatica,
1682 3352 1788 3418 ubi
1831 3351 1946 3418 illa
1986 3352 2054 3416 in
2094 3351 2306 3433 capite
2347 3346 2450 3418 ‘de
2495 3351 2974 3435 compositione’
3020 3353 3238 3419 multis
3282 3352 3441 3418 locis
3486 3352 3785 3436 dispersa
3842 3361 4024 3436 sunt,
4084 3356 4212 3422 col·

633 3474 872 3558 legisse
915 3481 982 3540 et
1023 3475 1116 3540 ita
1160 3473 1532 3540 Diomedem
1579 3471 2014 3554 exscripsisse,
2056 3475 2132 3535 ut
2173 3489 2487 3553 nusquam
2521 3470 2969 3552 Quintilianea,
3017 3471 3134 3537 sed
3178 3490 3255 3537 ea
3284 3476 3556 3552 tantum,
3600 3490 3764 3555 quae
3806 3472 3935 3539 illis
3964 3473 4213 3542 intexta

637 3599 814 3673 sunt,
873 3593 1370 3676 transcripserit.
1473 3591 1720 3657 accedit
1779 3591 1950 3672 quod
2009 3588 2354 3656 Diomedes
2417 3589 2519 3656 vel
2578 3590 2716 3656 eius
2781 3594 3004 3655 auctor
3059 3589 3289 3656 librum
3309 3641 3326 3671 ,
3386 3609 3512 3673 quo
3554 3591 3843 3658 Isidorus
3886 3611 4047 3659 usus
4092 3600 4212 3674 est,

636 3712 836 3780 semel
871 3712 1128 3778 disertis
1163 3711 1376 3778 verbis
1407 3706 1576 3776 ‘alii
1609 3705 1750 3776 sic'
1784 3714 2253 3775 commemorat.
2318 3727 2398 3774 an
2432 3715 2626 3791 putas
2658 3709 2970 3775 Isidorum
3005 3728 3083 3775 ex
3112 3709 3423 3776 Diomede
3452 3710 3534 3776 de
3565 3711 3885 3777 industria
3909 3707 4215 3778 ‘aliorum'

635 3831 1119 3915 explicationem
1163 3829 1611 3913 excerpsisse?
1696 3830 1867 3895 unde
1912 3828 1971 3894 ei
2002 3833 2220 3893 notum
2250 3827 2402 3908 fuit,
2448 3833 2663 3894 cetera
2692 3847 2973 3910 quoque,
3014 3847 3180 3911 quae
3209 3847 3286 3894 ex
3315 3829 3436 3894 hoc
3468 3831 3883 3910 grammatico
3921 3831 4214 3914 sumpsit,

634 3944 938 4017 ‘aliorum’
981 3969 1157 4032 esse,
1201 3968 1344 4015 cum
1387 3947 1731 4016 Diomedes
1775 3947 1885 4013 illo
1929 3966 2058 4013 uno
2099 3947 2240 4012 loco
2285 3953 2552 4028 excepto
2596 3941 2797 4014 ‘alios’
2855 3966 3171 4031 nusquam
3217 3949 3548 4014 nominet?
3634 3948 3749 4014 sed
3791 3948 3936 4016 luce
3980 3949 4213 4018 clarius

638 4077 740 4137 est
783 4069 1102 4137 Isidorum
1145 4087 1273 4134 non
1319 4087 1397 4134 ex
1440 4067 1779 4148 Diomede,
1837 4066 1955 4132 sed
1985 4045 2079 4132 'ex
2122 4065 2485 4149 antiquiore
2526 4067 2731 4147 fonte,
2796 4066 2863 4132 in
2922 4084 3048 4148 quo
3108 4066 3221 4133 illa
3278 4067 3710 4144 Quintilianea
3772 4087 3901 4134 non
3962 4068 4215 4136 exhibe·

637 4189 902 4270 bantur,
945 4185 1384 4272 hausisse⁵⁶).

646 4386 781 4440 tura
824 4387 966 4456 oet.;
1011 4377 1280 4438 Diomed.
1316 4381 1462 4451 468,
1507 4382 1543 4434 9
1579 4396 1666 4456 sq.
1715 4375 1856 4454 (Cic.
1901 4392 2011 4451 pro
2055 4373 2181 4434 Mil.
2219 4380 2286 4450 13
2331 4393 2441 4451 pro
2485 4373 2715 4434 cluent.
2757 4379 2821 4447 13
2866 4375 2932 4433 in
2974 4373 3172 4434 Pison.
3219 4376 3276 4450 1)
3320 4375 3393 4435 cf.
3431 4374 3503 4439 Q.
3548 4377 3588 4435 1.
3632 4377 3671 4436 1.
3721 4377 3835 4455 743
3881 4378 3979 4438 76.
4025 4378 4219 4438 Diom.

653 4485 918 4556 468,12
981 4480 1220 4558 (Salust.
1265 4479 1396 4555 Iug.
1439 4477 1497 4553 1)
1557 4480 1629 4538 cf.
1676 4475 1748 4542 Q..
1794 4478 1835 4537 1.
1881 4476 1921 4536 l.
1963 4477 2060 4536 77.
2118 4474 2312 4556 Diom.
2349 4481 2493 4550 468,
2544 4481 2649 4536 16:
2705 4467 2786 4535 ‘in
2851 4475 3255 4538 conlocatione
3313 4478 3630 4537 verborum
3688 4479 3919 4555 aptiora
3977 4486 4039 4541 et
4100 4487 4223 4541 tam

650 4584 846 4644 ordini
892 4602 1067 4663 quam
1124 4581 1356 4642 viribus
1411 4579 1800 4656 congruentia
1841 4580 2187 4639 contrahere
2243 4580 2556 4652 debemus,
2615 4577 2701 4638 sic
2744 4583 2944 4638 tamen
3000 4581 3071 4638 ut
3124 4577 3359 4656 potiora
3414 4579 3540 4640 sint
3596 4580 3771 4641 utilia
3827 4582 3975 4643 dure
4029 4581 4226 4643 locata

645 4685 970 4763 conpositis
1009 4680 1460 4744 inutilibus'cf.
1507 4681 1745 4746 Q.1.1.
1796 4686 1911 4741 58·
1951 4671 2311 4741 ‘conlocatio
2357 4687 2555 4740 autem
2597 4682 2783 4741 verba
2823 4681 2943 4740 iam
2986 4680 3237 4758 probata
3280 4683 3342 4740 et
3383 4681 3572 4741 electa
3612 4686 3674 4743 et
3714 4683 3885 4744 velut
3912 4685 4221 4791 adsignata

643 4788 762 4848 sibi
803 4788 983 4848 debet
1023 4791 1358 4846 conectere.
1402 4805 1537 4845 nam
1577 4785 1678 4844 vel
1720 4784 1865 4843 dure
1907 4783 2067 4843 inter
2108 4802 2171 4843 se
2214 4782 2525 4842 commissa
2566 4782 2799 4858 potiora
2841 4789 2982 4843 sunt
3020 4783 3088 4842 in
3131 4780 3418 4843 utilibus'.

903 4888 1009 4965 56)
1053 4889 1210 4965 apud
1254 4885 1618 4947 Dresselium
1671 4877 1782 4946 ‘De
1837 4885 2053 4945 Isidori
2107 4883 2406 4962 originum
2464 4882 2747 4945 fontibns’
2788 4883 3052 4963 (Rivista
3094 4885 3157 4946 di
3200 4885 3463 4963 filologia
3505 4885 3631 4965 ΙΠ)
3685 4888 3759 4948 de
3802 4889 3913 4950 hac
3955 4907 4022 4948 re
4068 4887 4227 4948 nihil

643 4991 969 5052 invenitur.

3512 5103 3608 5166 5*
