4817 5934
2211 1015 2420 1142 cap.
2491 1014 2599 1111 11.

857 1253 1172 1334 Quoniam
1233 1254 1508 1321 vidimus
1563 1253 1788 1322 Scauri
1845 1257 2150 1340 reliquias
2208 1257 2383 1323 haud
2444 1256 2708 1338 exiguas
2766 1253 3075 1336 imprimis
3132 1253 3307 1335 apud
3352 1251 3720 1318 Diomedem
3766 1251 4187 1340 Sergiumque

598 1379 894 1440 servatas
955 1391 1129 1453 esse,
1195 1379 1269 1438 ut
1329 1373 1578 1442 duobus
1634 1376 1736 1442 his
1793 1375 2185 1460 artigraphis
2243 1381 2447 1441 artem
2505 1374 2677 1440 illius
2732 1372 3213 1455 grammaticam
3270 1376 3533 1454 praesto
3591 1370 3796 1437 fuisse
3849 1371 4181 1453 probabile

599 1493 690 1560 sit
711 1497 732 1534 ¹
752 1495 833 1575 ⁸),
877 1491 1021 1558 aliis
1066 1511 1316 1575 quoque
1359 1493 1516 1560 locis
1561 1494 1644 1560 ab
1686 1495 1914 1561 iisdem
1956 1493 2391 1576 grammaticis
2432 1493 2653 1560 Scauri
2698 1492 3071 1572 doctrinam,
3114 1491 3366 1556 nomine
3396 1489 3677 1555 auctoris
3708 1508 3836 1556 non
3866 1491 4184 1573 apposito,

600 1611 885 1678 exhiberi
927 1611 1227 1694 proclivis
1273 1617 1375 1678 est
1418 1613 1718 1695 suspicio.
1805 1632 1994 1697 quam
2040 1613 2471 1695 suspicionem
2516 1631 2645 1677 non
2688 1629 2920 1676 vanam
2964 1627 3113 1676 esse
3156 1609 3490 1674 ostendam
3535 1609 3878 1674 tractanda
3922 1627 3999 1675 ea
4028 1610 4179 1675 Dio-

601 1731 806 1796 medis
853 1731 1065 1813 operis
1110 1736 1312 1813 parte,
1356 1750 1484 1814 qua
1528 1733 1608 1798 de
1649 1732 2228 1815 metaplasmis
2275 1729 3008 1811 schematibusque
3052 1728 3266 1810 agitur
3308 1729 3397 1810 (p.
3428 1727 3574 1808 440,
3604 1727 3687 1793 27
3722 1729 3904 1813 sqq).

860 1850 986 1916 Sed
1028 1849 1399 1933 priusquam
1446 1853 1530 1917 ad
1573 1851 1974 1934 propositum
2018 1857 2306 1916 nostrum
2352 1851 2753 1930 accedamus,
2797 1866 2923 1913 non
2956 1864 3497 1929 supervacaneum
3530 1851 3633 1910 est
3658 1846 3930 1929 primum
3960 1849 4183 1929 paucis

605 1969 954 2050 explicare,
1018 1987 1182 2051 quae
1237 1969 1403 2035 ratio
1459 1969 1817 2036 intercedat
1876 1971 2044 2036 inter
2087 1970 2462 2035 Diomedem
2520 1973 2586 2034 et
2629 1967 3017 2047 charisium,
3075 1965 3431 2046 Donatum,
3492 1965 3904 2031 Sacerdotem
3948 2003 4032 2014 --
4077 1970 4185 2050 qui

603 2088 999 2170 grammatici
1029 2089 1098 2153 in
1133 2106 1512 2171 unaquaque
1553 2087 1689 2156 fere
1731 2095 1918 2170 parte
1947 2087 2534 2172 disputatiunculae
2578 2093 2853 2157 nostrae,
2872 2084 3217 2150 adhibendi
3252 2089 3440 2149 erunt
3482 2121 3597 2165 —,
3642 2083 3879 2150 deinde
3908 2084 4189 2152 breviter

605 2225 944 2289 exponere,
988 2225 1116 2290 qua
1157 2208 1408 2273 ratione
1451 2208 1515 2273 in
1561 2207 1742 2273 libris
1787 2215 2119 2274 auctorum
2165 2226 2426 2272 suorum
2472 2205 2901 2272 exscribendis
2948 2223 3107 2269 usus
3152 2203 3241 2268 sit
3282 2202 3647 2268 Diomedes.

861 2328 956 2391 Ac
998 2326 1270 2408 primum
1315 2327 1571 2408 quidem
1617 2345 2032 2408 consensum,
2094 2345 2279 2409 quem
2325 2326 2496 2391 inter
2540 2324 3000 2390 charisium
3046 2327 3125 2388 et
3168 2322 3626 2388 Diomedem
3682 2340 3879 2406 saepe
3922 2324 4190 2392 inveniri

605 2451 890 2525 constat,
951 2463 1078 2511 non
1121 2446 1274 2511 inde
1316 2451 1525 2511 ortum
1572 2463 1745 2520 esse,
1793 2448 1963 2529 quod
2009 2446 2174 2512 alter
2217 2445 2483 2511 alterius
2536 2439 2709 2509 ‘arte’
2766 2461 2923 2508 usus
2969 2443 3084 2523 sit,
3146 2441 3263 2507 sed
3308 2442 3479 2523 quod
3522 2448 3791 2524 uterque
3837 2463 3913 2509 ex
3956 2444 4186 2510 iisdem

606 2563 892 2629 fontibus
938 2564 1291 2631 doctrinam
1337 2584 1517 2631 suam
1565 2565 1897 2646 derivavit,
1942 2566 2132 2632 docet
2173 2564 2422 2630 Keilius
2467 2564 2576 2629 Gr.
2619 2564 2730 2628 lat.
2775 2561 2825 2644 I,
2868 2581 2933 2644 p.
2963 2561 3172 2628 XLIX
3202 2578 3369 2643 sqq.;
3414 2575 3622 2642 neque
3669 2562 3880 2630 minus
3926 2569 4190 2646 certum,

611 2682 784 2764 quod
826 2683 995 2748 idem
1040 2684 1118 2749 K.
1164 2684 1204 2750 l.
1235 2683 1274 2750 l.
1319 2685 1792 2766 grammaticoS,
1835 2703 1996 2767 quos
2027 2691 2297 2766 uterque
2329 2689 2592 2750 secutus
2624 2689 2741 2763 est,
2782 2682 3135 2746 Remmium
3166 2680 3616 2745 Palaemonem
3648 2687 3715 2746 et
3742 2681 4189 2749 cominianum
4303 2679 4313 2690 '

611 2799 814 2866 fuisse
857 2803 1089 2868 statuit
1109 2803 1248 2888 1⁴),
1293 2804 1545 2869 etiamsi
1587 2823 1716 2870 non
1762 2804 2004 2884 omnia,
2049 2821 2214 2885 quae
2257 2801 2554 2867 Diomedi
2598 2819 2737 2866 cum
2783 2799 3075 2868 charisio
3122 2799 3480 2865 communia
3523 2804 3702 2881 sunt,
3746 2799 3892 2866 ideo
3940 2802 4222 2869 duobus

613 2920 768 2985 solis
812 2920 940 2986 illis
985 2921 1414 3002 grammaticis
1457 2923 1845 2988 vindicanda
1888 2940 2034 2988 esse
2081 2922 2467 2987 credendum
2513 2925 2632 2986 est.
2720 2921 2837 2985 sed
2881 2939 2963 2985 ne
3006 2921 3072 2986 in
3117 2920 3281 2984 hanc
3323 2936 3458 2983 rem
3503 2919 3863 2985 accuratius
3906 2920 4193 3002 inquira-

611 3057 786 3119 muS,
847 3057 1105 3104 monere
1147 3039 1339 3105 liceat
1383 3043 1556 3123 apud
1599 3041 1956 3108 charisium
2003 3040 2352 3123 compluria
2395 3045 2681 3122 exstare,
2739 3057 2904 3122 quae
2949 3056 3333 3121 quamquam
3389 3037 3529 3119 pari
3586 3039 3776 3102 modo
3834 3039 4192 3122 iisdemque

609 3157 858 3240 verbis,
899 3158 1221 3224 interdum
1265 3158 1410 3224 aliis
1453 3159 1885 3242 interpositis,
1931 3160 2106 3242 apud
2149 3160 2517 3225 Diomedem
2564 3159 2880 3225 iterantur
2902 3158 3041 3244 1⁶),
3083 3163 3298 3223 tamen
3345 3175 3386 3222 a
3427 3156 3601 3222 nullo
3646 3157 3923 3224 virorum
3970 3159 4191 3225 docto-

611 3297 781 3361 rum,
841 3277 949 3361 qui
994 3275 1288 3361 charisii,
1325 3277 1608 3345 fontibus
1673 3279 1972 3345 eruendis
2029 3298 2288 3362 operam
2347 3279 2663 3344 dederunt
2688 3281 2823 3361 ²⁶),
2888 3277 3259 3344 Palaemoni
3302 3277 3405 3343 vel
3449 3275 3818 3343 cominiano
3862 3278 4190 3360 adscripta

612 3403 780 3464 sunt.
869 3415 944 3464 ac
990 3416 1071 3463 ne
1115 3417 1235 3480 ego
1281 3398 1569 3480 quidem,
1632 3417 2016 3482 quamquam
2061 3397 2431 3466 cominiano
2494 3397 2685 3481 paulo
2744 3397 2933 3481 plura
2988 3414 3179 3479 quam
3223 3395 3793 3462 Schottmuellerus
3855 3396 3912 3460 ei
3966 3397 4193 3462 tribuit

613 3517 1044 3582 adiudicanda
1105 3534 1251 3582 esse
1309 3517 1466 3584 mihi
1521 3537 1902 3602 persuasum
1961 3524 2090 3600 est,
2146 3517 2496 3601 perspicio,
2553 3536 2677 3600 quo
2721 3517 2859 3582 iure
2903 3535 2982 3582 ea
3024 3516 3238 3581 omnia
3280 3513 3531 3580 duobus
3585 3515 3715 3582 illis
3760 3517 4191 3597 grammaticis

613 3634 921 3700 vindicari
962 3635 1231 3717 possint.
1853 3613 1859 3619 ’

883 3842 982 3920 13)
1027 3842 1360 3902 charisium
1401 3844 1606 3902 Scauri
1649 3842 1833 3905 libros
1875 3845 2210 3921 inspexisse
2253 3850 2316 3904 et
2358 3844 2743 3920 exscripsisse
2787 3842 3077 3902 christius
3121 3841 3441 3920 (Philolog.
3486 3841 3723 3915 XVIII,
3766 3861 3826 3918 p.
3866 3842 4012 3920 127)
4056 3863 4195 3920 pro-

614 3953 822 4025 pterea
862 3944 1012 4003 mihi
1053 3964 1178 4004 non
1220 3945 1544 4023 persuasit,
1591 3947 1750 4026 quod
1795 3947 2096 4007 Charisius
2138 3947 2481 4027 ubicunque
2524 3947 2807 4006 Scaurum
2848 3945 3121 4004 nominat
3162 3949 3493 4016 auctorem,
3552 3953 3791 4006 secutus
3834 3949 3927 4004 est
3966 3945 4191 4006 Iulium

613 4051 966 4109 Romanum.

883 4147 983 4227 14)
1027 4150 1101 4210 cf.
1148 4149 1372 4209 charis.
1407 4153 1551 4222 225,
1587 4153 1621 4208 5
1654 4170 1786 4230 sqq.
1832 4157 1894 4211 et
1935 4151 2205 4212 Diomed.
2237 4155 2381 4225 415,
2422 4156 2493 4210 16
2528 4170 2658 4230 sqq.

1404 4251 1764 4332 175‚29sq.;
1805 4253 2274 4328 176,7--177,8
2321 4261 2383 4314 et
2426 4254 2521 4313 Di.
2551 4255 2689 4324 347,
2724 4253 3036 4325 37—-348,
3070 4255 3169 4310 30.

1403 4355 1541 4429 177,
1575 4356 1846 4431 9-178,
1878 4362 1916 4414 4
2331 4401 2365 4430 ,,
2452 4401 2489 4430 ,,
2550 4361 2692 4429 348,
2724 4359 3037 4428 36-849,
3070 4359 3169 4414 23.

1231 4501 1266 4530 „
1406 4456 1542 4532 178,
1577 4462 1782 4517 5--33
2330 4503 2366 4532 ,,
2453 4503 2489 4533 ,,
2551 4462 2691 4532 350,
2732 4462 3039 4532 14-351,
3072 4463 3129 4518 3.

883 4559 984 4634 15)
1028 4563 1096 4618 ut
1139 4558 1363 4618 Charis.
1406 4563 1542 4633 148,
1583 4564 1890 4636 15-150,
1923 4565 2003 4620 20
2049 4559 2124 4620 cf.
2170 4560 2441 4620 Diomed.
2474 4564 2616 4634 303,
2650 4564 2962 4634 31-308,
3003 4563 3053 4619 1.

1400 4667 1543 4734 292,
1581 4667 1655 4721 16
1688 4683 1820 4744 sqq.
2063 4709 2098 4737 ,,
2269 4707 2306 4736 ,,
2467 4665 2610 4736 311,
2643 4667 2678 4721 3
2712 4682 2843 4742 sqq.

1407 4769 1500 4837 11,
1533 4769 1568 4821 9
1601 4785 1733 4845 sqq.
2070 4810 2106 4840 „
2276 4811 2312 4839 ‚,
2474 4767 2616 4840 427,
2649 4771 2687 4824 4
2718 4785 2849 4846 sqq.
2894 4770 3035 4839 435,
3070 4769 3150 4822 22
3180 4783 3314 4844 sqq.

886 4862 985 4938 16)
1031 4868 1099 4924 ut
1138 4807 1743 4927 881111111111181181118’
1723 4859 1817 4928 ‘de
1860 4869 1924 4929 c.
1968 4867 2153 4928 Plinii
2194 4867 2450 4928 Secundi
2495 4867 2664 4927 libris
2708 4859 2905 4944 gram?
2952 4867 3125 4927 Bonn
3170 4870 3347 4925 1858.
3436 4863 3727 4924 chi-istius
3785 4862 3851 4921 in
3895 4801 4199 4938 Philolog.

618 4963 840 5025 XVIII
881 4984 940 5041 p.
980 4969 1098 5023 119
1129 4985 1261 5047 sqq.
1349 4967 1742 5032 Morawskius
1783 4960 2234 5035 ‘Quaestionum
2276 4970 2501 5031 charis.
2546 4959 2861 5047 specimen’
2906 4969 3138 5047 (Herm.
3180 4967 3278 5027 XI
3320 4988 3379 5045 p.
3413 4971 3534 5025 339
3566 4963 3743 5046 sqq..)

3542 5073 3578 5126 2
