4817 5934
2151 535 2667 604 ...54-

885 729 980 793 13.
1069 728 1523 810 Ecthlipsis
1582 736 1682 794 est
1738 730 2222 795 consonantium
2282 748 2423 796 cum
2468 731 2796 796 vocalibus
2842 748 3071 811 aspere
3118 730 3624 795 concurrentium
3670 730 3984 811 quaedam
4034 727 4200 794 diffi-

626 847 763 914 cilis
811 865 885 912 ac
931 848 1092 911 dura
1138 846 1420 927 conlisio,
1466 853 1538 912 ut
1577 842 1863 914 ‘multum
1907 848 2015 914 ille
2061 854 2126 914 et
2171 849 2360 913 terris
2407 850 2683 915 iactatus
2732 856 2795 915 et
2841 844 2991 916 alto’
3045 848 3148 932 (V.
3181 850 3254 913 A.
3294 851 3345 929 1,
3378 849 3464 932 3).

885 967 982 1030 14.
1071 966 1534 1032 Antithesis
1580 974 1684 1033 est
1725 967 1977 1032 litterae
2022 985 2137 1049 pro
2183 967 2397 1033 littera
2442 969 2695 1050 positio,
2741 976 2812 1033 ut
2853 963 3004 1033 ‘olli’
3056 986 3173 1050 pro
3216 966 3331 1033 illi.

892 1086 985 1150 13.
1077 1086 1561 1150 Motathosis
1609 1098 1709 1150 ost
1753 1086 2089 1151 translatio
2135 1086 2493 1152 litterarum
2538 1088 2604 1152 in
2651 1089 2926 1153 alienum
2970 1087 3213 1166 locum,
3277 1086 3454 1150 nulla
3511 1093 3727 1151 tamen
3788 1104 3864 1150 ex
3923 1084 4199 1150 dictione

628 1206 896 1282 sublata,
945 1218 1014 1266 111
1061 1198 1397 1270 ‘Euandro'
1453 1222 1569 1286 pro
1617 1206 1929 1285 Euander,
1972 1199 2325 1286 ‘Thymbre’
2377 1225 2494 1288 pro
2539 1207 2860 1287 Thymber
2903 1206 3010 1287 (cf.
3050 1206 3123 1270 V.
3155 1207 3229 1270 A.
3266 1206 3362 1285 10,
3395 1206 3568 1286 394).

1963 1413 2064 1485 11.
2170 1416 2282 1485 De
2334 1414 2875 1486 schematibus.

892 1566 945 1626 l.
1037 1562 1457 1626 Sohoniata
1502 1562 1717 1626 'lexoos
1765 1569 1914 1628 sunt
1958 1570 2024 1628 et
2069 1564 2392 1645 dianoeaS‚
2436 1564 2503 1628 id
2550 1570 2653 1629 est
2694 1562 2937 1644 figurae
2984 1563 3319 1629 verborum
3367 1568 3430 1627 et
3476 1580 3800 1627 sensuum.
3864 1563 3979 1627 sed
4027 1559 4210 1625 sche-

632 1690 804 1746 mata
848 1682 1157 1746 dianoeas
1201 1682 1285 1746 ad
1333 1689 1617 1746 oratores
1661 1681 1999 1762 portinent,
2045 1684 2128 1748 ad
2174 1683 2626 1764 grammaticos
2669 1684 2905 1749 lexeos.
2973 1701 3135 1764 quae
3180 1700 3321 1747 cum
3368 1682 3568 1747 multa
3613 1682 3759 1762 sint,
3804 1701 3882 1747 ex
3919 1678 4209 1745 omnibus

628 1802 997 1866 nonassaria
1041 1802 1173 1862 fora
1221 1810 1369 1862 suot
1417 1802 1633 1866 deoonl
1681 1810 1741 1866 ot
1789 1808 2054 1882 septem,
2101 1820 2366 1883 quorum
2413 1802 2572 1868 haec
2618 1811 2769 1866 sunt
2813 1803 3097 1867 nomina:
3143 1801 3463 1882 prolepsis
3508 1818 3779 1882 zeugma
3820 1797 4209 1880 hypozeuxis

632 1922 929 2002 syllepsis
977 1918 1369 1998 anadiplosis
1417 1922 1749 2002 anaphora
1793 1920 2197 2003 epanalepsis
2245 1922 2571 2004 epizeuxis
2615 1921 3067 2002 paronomasia
3112 1921 3358 1986 schesis
3395 1925 3739 1985 onomaton
3780 1918 4210 2001 parhomoeon

632 2038 1189 2106 homoeoteleuton
1233 2038 1729 2118 homoeoptoton
1777 2039 2151 2122 polyptoton
2197 2041 2438 2106 hirmos
2482 2039 2953 2124 polysyndeton
3001 2039 3303 2121 dialyton.

888 2162 945 2222 3.
1033 2158 1405 2238 Prolopai
1429 2178 1457 2222 a
1505 2166 1605 2222 ost
1649 2160 2082 2241 praesumptio
2127 2179 2336 2225 rerum
2382 2160 2605 2225 ordine
2650 2166 3119 2240 secuturarum,
3184 2164 3281 2223 ut:
3339 2153 3658 2222 ‘continuo
3703 2175 3923 2239 regeS,
3966 2152 4212 2237 ingenti

636 2278 800 2342 rnolo
847 2278 1117 2342 Latinus
1165 2278 1557 2358 Quadriingo
1605 2278 1857 2342 vehitur
1901 2296 2117 2360 curru,
2161 2278 2329 2361 bigis
2374 2280 2427 2344 it
2471 2278 2724 2344 Turnus
2770 2280 2834 2344 in
2882 2279 3077 2359 albia,
3120 2278 3281 2343 Tum
3327 2283 3513 2359 pater
3556 2279 3843 2357 AeneaS,
3886 2277 4214 2340 Romanae

636 2398 852 2478 stirpis
888 2398 1085 2478 origo¹
1133 2398 1213 2462 Et
1241 2398 1421 2462 iusta
1449 2398 1785 2478 Aaoaniua
1829 2415 2063 2479 magna
2103 2416 2253 2480 spes
2300 2399 2506 2464 altera
2535 2399 2791 2479 Romae,
2837 2398 3199 2464 Procedunt
3231 2393 3478 2462 castris’
3509 2397 3613 2479 (V.
3647 2400 3721 2460 A.
3754 2398 3853 2471 12,
3884 2397 4002 2462 161
4030 2397 4214 2475 sqq.).

892 2522 949 2582 3.
1037 2518 1385 2598 Zeugma
1429 2526 1529 2582 ost
1577 2518 1761 2582 nnius
1811 2516 1986 2581 verbi
2032 2517 2354 2583 conclusio
2401 2518 2673 2583 diversis
2720 2517 3026 2583 clausulis
3072 2524 3225 2598 apte
3269 2518 3625 2596 coniuncta,
3671 2522 3769 2580 ut:
3813 2510 4216 2595 PTroiugena,

632 2638 953 2718 interpres
1001 2638 1241 2714 diruto,
1305 2638 1409 2718 qni
1457 2638 1717 2702 numina
1763 2636 2032 2718 Phoebi,
2094 2635 2216 2715 Qui
2259 2636 2583 2717 tripodaS,
2648 2636 2821 2702 Clari
2879 2635 3126 2715 lauroS,
3189 2637 3295 2717 qui
3343 2635 3560 2700 sidera
3605 2630 3824 2699 sentis’
3886 2633 3989 2717 (V.
4039 2635 4113 2696 A.
4157 2632 4215 2710 3,

632 2758 760 2822 359
796 2758 937 2840 aq.].

892 2878 949 2938 4.
1041 2874 1553 2954 Hypozeoxis
1601 2882 1705 2938 ast
1737 2874 1942 2956 figura
1985 2873 2297 2956 superiori
2342 2873 2681 2955 contraria,
2727 2874 2833 2940 ubi
2873 2875 3127 2940 diversa
3161 2872 3356 2939 verba
3402 2873 3671 2955 singulis
3717 2871 4024 2938 clausulis
4070 2871 4217 2935 sub·

632 2998 1001 3078 iunguntur,
1049 3002 1145 3058 nt:
1193 2990 1421 3074 'regern
1469 2994 1605 3058 adit
1653 3002 1717 3058 et
1753 2993 1888 3076 regi
1932 2997 2244 3058 memorat
2286 3012 2641 3075 nomenque
2675 3012 3019 3076 genusque,
3063 2993 3312 3072 Quidve
3354 2993 3520 3058 ferat
3564 2993 3797 3075 quidve
3829 2993 3972 3073 ipse
4015 2996 4211 3074 petat,

636 3114 989 3178 Moaontins
1037 3133 1213 3178 arma
1258 3114 1437 3190 Quae
1485 3114 1605 3178 sibi
1653 3111 1958 3192 conciliet,
2003 3112 2411 3194 violentaque
2454 3119 2719 3194 pectora
2758 3113 2955 3179 Turni
2998 3113 3261 3193 Edocet,
3303 3113 3601 3179 humanis
3646 3130 3811 3194 quae
3855 3111 3940 3177 sit
3983 3108 4209 3175 fiducia

904 3294 993 3346 13.
1065 3288 1277 3346 Donat.
1317 3294 1465 3358 333,
1505 3290 1613 3342 nt:
1681 3286 1997 3362 Eothlipsis
2044 3333 2057 3346 .
2096 3333 2106 3344 .
2143 3333 2156 3346 .
2203 3286 2339 3345 alto.
2432 3286 2700 3345 Diomed.
2737 3292 2888 3360 442,
2926 3292 3033 3345 25:
3095 3285 3417 3362 Ecthlipsis
3472 3291 3563 3344 est
3620 3285 3868 3345 conlisio
3925 3282 4205 3364 quaedam

636 3390 736 3446 slis.
784 3410 852 3450 ao
896 3390 949 3446 d.
1001 3390 1445 3446 oonaonantium
1497 3410 1625 3446 oum
1673 3410 1795 3446 qroo.
1844 3408 1966 3465 asp.
2014 3408 2195 3462 conc„
2241 3395 2310 3447 ut
2355 3397 2447 3448 est
2486 3378 2755 3447 ‘multum
2802 3434 2814 3447 .
2855 3434 2869 3447 .
2902 3434 2915 3447 .
2961 3379 3120 3448 alto’.
3182 3389 3456 3447 consent.
3494 3392 3634 3461 390,
3675 3393 3767 3446 13.
3830 3388 4036 3463 Pomp.
4069 3389 4210 3458 298,

640 3498 736 3550 aa
804 3494 941 3550 laia.
993 3498 1041 3562 1,
1077 3494 1173 3562 aa,
1213 3494 1265 3550 o.

909 3598 1001 3650 14.
1065 3594 1277 3654 Donat.
1321 3594 1469 3662 33ῗ,
1521 3598 1581 3650 1:
1649 3593 1979 3654 Antithesis
2027 3639 2039 3652 .
2077 3641 2088 3652 .
2125 3637 2137 3652 .
2175 3592 2282 3652 illi.
2367 3593 2563 3652 Diom.
2605 3595 2757 3664 442,
2810 3596 2907 3650 28.
2975 3592 3251 3652 consent.
3296 3597 3451 3664 390,
3501 3595 3594 3650 16.
3662 3592 3868 3668 Pomp.
3916 3596 4074 3665 298,
4122 3594 4217 3649 31.

640 3698 776 3754 Isid.
820 3702 872 3766 1,
913 3702 1009 3766 35,
1053 3702 1105 3750 fi.

904 3802 997 3858 15.
1065 3798 1281 3858 Donat.
1321 3798 1457 3866 33ῗ,
1497 3802 1565 3854 2:
1613 3798 1961 3858 Metathesis
2009 3841 2022 3854 .
2055 3844 2066 3854 .
2104 3842 2117 3855 .
2162 3797 2480 3876 Thymber.
2557 3796 2830 3855 Diomed.
2862 3802 3003 3869 442,
3045 3801 3143 3855 31.
3222 3798 3498 3856 Consent.
3537 3800 3676 3868 390,
3721 3799 3825 3857 18:
3872 3796 4222 3856 Metathesis

640 3906 732 3958 ost
776 3918 904 3958 onon
953 3934 1033 3942 —
1081 3902 1141 3958 in
1189 3902 1365 3958 aliurn
1413 3902 1605 3958 loontn
1653 3898 1849 3958 littora
1891 3899 2274 3972 transfertur,
2320 3905 2390 3960 ut
2432 3919 2565 3959 cum
2612 3899 2858 3959 dicimus
2899 3889 3173 3958 ‘'I'imbre'
3214 3919 3324 3976 pro
3372 3899 3612 3958 Timber
3655 3903 3716 3959 et
3756 3889 4070 3958 ‘Euandre’
4111 3917 4218 3975 pro

640 4002 933 4058 Euander.
1029 4002 1233 4078 Pomp.
1273 4010 1413 4074 333,
1457 4006 1549 4062 11.
1617 4002 1757 4058 Isia.
1807 4006 1855 4072 1,
1892 4006 1989 4075 35,
2032 4007 2088 4060 6.

909 4110 953 4162 1.
1021 4102 1237 4162 Donat.
1281 4106 1418 4174 337,
1461 4110 1525 4162 41
1569 4106 1661 4162 Do
1705 4105 2120 4164 aohematibus.
2207 4102 2517 4164 Schemate.
2562 4148 2574 4160 .
2614 4151 2626 4163 .
2662 4150 2674 4162 .
2721 4104 3005 4184 dialyton.
3095 4105 3167 4164 cf.
3214 4104 3439 4164 Charis.
3478 4102 3619 4176 279,
3658 4109 3734 4162 23
3763 4122 3891 4182 sqq.
3949 4100 4217 4161 Diomed.

644 4210 784 4278 443,
824 4210 856 4262 5
892 4226 1021 4286 sqq.

904 4314 957 4366 2.
1029 4310 1241 4366 Donat.
1285 4310 1421 4378 337,
1473 4314 1581 4368 12:
1641 4308 1942 4385 Prolepsis
1987 4352 2001 4366 .
2041 4353 2054 4367 .
2089 4353 2101 4366 .
2154 4308 2400 4368 Latinus
2457 4314 2518 4368 et
2554 4314 2764 4368 cetera.
2833 4309 3102 4368 Diomed.
3137 4313 3276 4382 443,
3317 4314 3430 4368 21:
3491 4309 3648 4368 Prol.
3688 4314 3779 4368 est
3811 4307 4219 4385 pronuntiatio

644 4430 688 4470 1.·-
740 4430 788 4470 o.
836 4417 1189 4482 senata-rum,
1237 4446 1321 4454 -
1365 4418 1429 4470 nt
1473 4418 1561 4470 ost
1605 4402 1902 4470 ‘eontinuo
1947 4456 1960 4469 .
1997 4457 2010 4471 .
2045 4405 2298 4472 castris'.
2385 4411 2594 4488 Pomp.
2630 4416 2770 4485 301,
2813 4417 2865 4471 1.
2934 4413 3073 4471 Isid.
3117 4418 3169 4487 1,
3213 4417 3310 4485 36,
3349 4418 3404 4470 2.

904 4518 961 4570 3.
1031 4514 1241 4570 Donat.
1281 4514 1421 4586 337,
1469 4518 1569 4570 131
1629 4514 1885 4586 Zeugma
1929 4557 1942 4570 .
1981 4558 1994 4572 .
2033 4557 2046 4573 .
2093 4513 2308 4587 sentis,
2369 4518 2431 4574 et
2473 4518 2685 4573 cetera.
2774 4513 3045 4573 Diomed.
3079 4519 3221 4588 444,
3265 4518 3333 4575 4:
3394 4513 3652 4588 Zeugma
3697 4559 3710 4572 .
3747 4558 3761 4572 .
3797 4556 3812 4573 .
3859 4514 4036 4574 olaus.
4085 4532 4225 4573 con-

644 4618 864 4674 innota.

909 4722 961 4774 4.
1033 4718 1245 4778 Donat.
1285 4718 1421 4790 337,
1461 4722 1565 4774 19:
1609 4718 1769 4794 ΗΠι.
1816 4765 1829 4776 .
1866 4762 1880 4776 .
1917 4762 1931 4776 .
1978 4736 2300 4798 genusque,
2348 4722 2409 4778 et
2443 4723 2653 4778 cetera.
2740 4717 3011 4778 Diomed.
3047 4725 3188 4792 444,
3224 4724 3338 4778 29:
3382 4718 3547 4796 Hyp.
3583 4723 3689 4790 est,
3735 4725 3802 4778 ut
3838 4719 3924 4779 ait
3955 4719 4223 4789 Scaurus,

648 4818 840 4894 figora
884 4866 896 4878 .
937 4866 949 4878 .
985 4862 997 4874 .
1045 4818 1293 4894 singolis
1353 4818 1697 4894 iunguntur.
1785 4818 1926 4878 ibid.
1973 4840 2029 4879 v.
2068 4824 2178 4878 23:
2240 4825 2309 4881 ut
2365 4810 2584 4897 ‘regem
2630 4866 2643 4879 .
2682 4867 2693 4878 .
2731 4866 2745 4881 .
2779 4868 2792 4882 .
2838 4815 3022 4881 ferit’.
3113 4823 3323 4899 Pomp.
3358 4826 3510 4893 301,
3549 4825 3647 4881 23.
3722 4821 3865 4881 Isid.
3917 4825 3977 4895 1,
4022 4825 4128 4894 36,
4168 4824 4227 4877 4.

648 4922 808 4982 Beda
856 4942 909 4998 p.
953 4926 1089 4994 333,
1133 4926 1205 4982 31
1257 4922 1345 4982 od.
1393 4922 1589 4982 Halm.
1637 4922 1785 4982 rhet.
1831 4923 1930 4982 lat.
