4817 5934
2179 607 2689 678 -44-

1377 814 1655 870 Donatus.

1369 934 1687 1006 Zeugma
1729 931 1849 988 est
1892 927 2114 987 unius
2158 926 2377 987 verbi

648 1038 1057 1097 conclusis
1123 1034 1466 1090 dirersis
1533 1030 2139 1106 clausulisapte
2205 1047 2378 1086 con-

648 1138 949 1206 iuncta,
997 1146 1089 1194 ut:

776 1230 1229 1310 'Troiugena
1293 1238 1685 1314 interpres
1743 1235 2000 1293 divum
2061 1233 2184 1313 qui
2244 1252 2380 1292 nu-

652 1358 857 1398 menn
905 1338 1185 1398 Phoebi
1255 1338 1393 1402 Qu}
1445 1337 1796 1414 iripodas
1855 1334 2058 1395 Clari
2120 1335 2382 1394 lauros

648 1462 704 1518 q,
752 1462 796 1498 ε,
845 1434 905 1498 εἶ
953 1450 1009 1498 et
1057 1450 1249 1498 celcra
1299 1442 1497 1514 [Terg.
1537 1442 1605 1498 A.
1643 1443 1697 1509 3,
1735 1439 1901 1515 359).

776 2770 1273 2846 HJpcsaestli-:is
1321 2786 1433 2826 cst
1481 2770 1735 2842 figura
1777 2769 2166 2844 superiori
2206 2787 2376 2828 con-

648 2874 909 2937 traria,
977 2874 1097 2926 uhi
1149 2874 1453 2926 divorsa
1501 2870 1728 2930 *cerba
1786 2869 2128 2946 singulis
2172 2870 2376 2930 clau-

644 2974 820 3030 sulis
869 2974 1413 3046 subiunguntur,
1465 2986 1561 3030 ut:

780 3066 1029 3150 ‘'ruga-¹211]
1093 3078 1230 3130 adil
1297 3086 1357 3130 ct
1413 3078 1558 3146 regi
1604 3081 1939 3132 memorat
1983 3092 2378 3152 nomenque

648 3170 1029 3254 genaeque*
1081 3186 1137 3230 ut
1185 3186 1377 3234 [zelum
1425 3178 1623 3250 ffl‘ffig.
1657 3179 1729 3232 A.
1772 3177 1864 3247 10,
1907 3174 2067 3253 149).

772 3278 1133 3354 Syllcpsiff
1205 3290 1305 3334 [Ἧι
1381 3276 1841 3335 dissimilium
1908 3276 2375 3337 clausularum

644 3398 764 3454 per
820 3402 1025 3434 unum
1074 3382 1361 3436 verbum
1421 3378 1923 3454 ssffliglutinata
1982 3381 2374 3456 conceptio,

647 3494 742 3538 ut:
792 3474 929 3538 'hic
977 3482 1181 3538 illius
1229 3502 1437 3550 arma,
1493 3482 1624 3538 Hic
1665 3499 1913 3540 currus
1956 3471 2125 3541 fuit’
2169 3480 2374 3560 (Verg.

644 3590 712 3638 A.
760 3590 808 3654 1.
857 3586 969 3654 1433.
1061 3586 1173 3642 hcc
1209 3582 1441 3638 schema
1489 3586 1569 3638 itu
1611 3581 1731 3642 late
1774 3586 1956 3658 patet,
1998 3587 2068 3642 ut
2109 3582 2240 3642 fieri
2285 3602 2376 3643 so·

648 3686 758 3742 leat
820 3706 937 3742 uun
1005 3686 1189 3742 solum
1257 3702 1357 3758 per
1409 3698 1604 3758 partes
1659 3683 1946 3743 orationis
2005 3684 2108 3744 sed
2161 3689 2223 3744 et
2269 3703 2379 3760 per

644 3786 969 3846 [recidentia
1013 3786 1281 3862 partibus
1329 3790 1675 3844 manutium.

776 4094 1289 4166 Anadiplosis
1321 4106 1437 4150 (351.
1477 4092 2056 4167 congeminatio
2092 4093 2378 4154 dictio-

648 4194 760 4250 nis
824 4214 913 4250 ez:
977 4194 1241 4250 uliims]
1305 4194 1473 4250 lucu
1537 4193 2065 4270 praecedentis
2106 4213 2381 4255 versus

648 4306 716 4354 et
760 4298 1161 4370 principio
1213 4298 1647 4374 sequentis,
1693 4300 1801 4356 ut:

865 4390 1257 4474 'sequitur
1305 4397 1873 4474 pulcherrimus
1918 4400 2167 4470 Astur,

776 4506 1005 4558 Astur
1055 4518 1241 4578 equa]
1289 4490 1557 4558 fidem?
1605 4498 1806 4577 (Verg.
1839 4500 1910 4558 Α.
1957 4497 2254 4579 10,180).

3184 806 3517 867 Diomedes,

2613 927 2698 984 De
2742 935 3060 1003 zeugmate.
3153 925 3482 1002 Zeugma
3538 931 3655 984 est
3710 924 3941 983 unius
3997 924 4218 983 verbi

2489 1027 2885 1087 conclusio
2949 1028 3279 1088 diversis
3345 1026 3722 1087 clausulis
3791 1026 4216 1099 coniuncta,

2485 1128 2544 1187 id
2593 1135 2684 1189 est
2727 1149 2858 1189 cum
2905 1130 3019 1189 duo
3064 1136 3166 1189 aut
3195 1129 3481 1206 conplura
3513 1131 3585 1188 ad
3617 1147 3793 1187 unam
3830 1136 4057 1205 partem
4092 1147 4220 1188 ora·

2485 1231 2667 1290 tionis
2710 1232 3011 1307 iungenda
3051 1232 3408 1291 referuntur.
3498 1232 3673 1291 huius
3731 1237 3926 1290 autem
3986 1230 4218 1290 conclu·

2486 1332 2669 1392 sionis
2714 1333 3024 1393 diversitas
3084 1334 3276 1393 tribus
3319 1334 3464 1395 locis
3507 1335 3702 1412 posita
3744 1333 4057 1393 indicatur.
4144 1332 4215 1392 fit

2488 1435 2645 1493 enim
2688 1442 2792 1495 aut
2835 1454 2966 1495 cum
3009 1437 3398 1513 praeponitur
3427 1456 3610 1496 unum
3638 1437 3904 1509 verbum,
3950 1436 4023 1494 ad
4061 1435 4219 1516 quod

2488 1541 2805 1616 sequentes
2848 1556 3055 1597 sensus
3099 1539 3505 1611 conferantur,
3550 1543 3620 1598 ut
3662 1543 3783 1598 est:
3829 1582 3842 1596 .
3893 1585 3904 1597 .
3956 1584 3967 1595 .
4016 1583 4029 1597 .
4077 1536 4217 1612 (Cic.

2486 1658 2593 1715 pro
2627 1638 2856 1700 Cluent.
2898 1645 2952 1712 6,
2998 1645 3086 1699 15.
3135 1640 3205 1699 cf.
3255 1639 3507 1702 Quintil.
3538 1639 3650 1712 IX,
3692 1644 3748 1713 3,
3786 1640 3909 1717 62),
3956 1645 4060 1700 aut
4088 1659 4220 1698 cum

2485 1740 2547 1799 in
2594 1741 2786 1801 medio
2834 1760 3111 1801 sensuum
3155 1743 3285 1802 loco
3329 1742 3591 1820 positum
3631 1743 3943 1818 reperitur,
3990 1747 4058 1800 ut
4100 1746 4215 1802 est:

2481 1833 2839 1919 ‘Troiugena
2878 1845 3175 1921 interpres
3222 1845 3276 1903 d.
3324 1865 3382 1925 q.
3427 1865 3484 1904 n.
3518 1845 3629 1903 Ph.
3690 1844 3793 1922 qui
3837 1849 3911 1903 tr.
3943 1844 4028 1904 cl.
4073 1844 4111 1902 l.
4159 1863 4216 1922 q.

2487 1968 2530 2006 s.
2578 1947 2762 2007 sentis
2823 1953 2884 2007 et
2929 1992 2942 2005 .
2990 1994 3003 2007 .
3052 1991 3065 2006 .
3111 1941 3353 2024 pinnae'
3420 1947 3624 2024 (Verg.
3664 1951 3737 2005 A.
3773 1952 3839 2020 3,
3878 1951 3998 2005 359
4034 1946 4219 2027 sqq.);

2483 2039 2707 2110 ‘sentis'
2777 2050 2936 2108 enim
2996 2050 3245 2109 verbum
3308 2054 3429 2108 tam
3490 2049 3698 2126 primis
3758 2068 3934 2128 quam
3993 2050 4218 2110 ultimis

2484 2152 2752 2227 iungitur
2781 2158 2843 2211 et
2875 2153 2950 2210 ob
2983 2152 3044 2210 id
3073 2170 3486 2229 mesozeugma
3512 2153 3879 2222 nominatum
3923 2159 4025 2212 aut
4057 2157 4215 2211 certe

2483 2273 2617 2316 oum
2661 2273 2780 2313 uno
2826 2252 3009 2313 verbo
3055 2272 3261 2314 sensus
3305 2256 3619 2331 conplures
3651 2255 3985 2326 cluduntur,
4033 2260 4099 2314 ut
4129 2262 4220 2314 est

2486 2357 2853 2416 Tullianum:
2899 2401 2912 2412 .
2953 2402 2967 2416 .
3004 2401 3015 2413 .
3067 2355 3155 2431 <in
3198 2355 3366 2415 Catil„
3407 2359 3455 2429 Ι,
3502 2362 3548 2429 1,
3594 2358 3680 2434 1);
3726 2357 4016 2417 conclusit
4059 2357 4215 2415 enim

2484 2479 2603 2520 uno
2647 2460 2831 2518 verbo
2871 2448 3238 2530 ‘moverunt’,
3281 2459 3439 2517 unde
3484 2460 3898 2538 hypozeugma
3941 2459 4172 2519 dicitur.

2615 2563 2696 2618 De
2754 2559 3105 2636 hypozeuoei.
3197 2563 3569 2638 Hypozeunk
3630 2571 3717 2619 est
3771 2579 3895 2618 cum
3952 2560 4218 2637 singulae

2484 2683 2578 2722 res
2619 2672 2724 2721 aut
2756 2663 3021 2739 per-sonis·
3061 2662 3426 2721 subiciuntur·
3471 2672 3576 2720 aut
3620 2663 3824 2734 verbis,
3877 2672 3939 2719 ul
3953 2686 3972 2720 .-

2611 2756 2876 2841 ‘regem
2921 2765 3070 2823 adit
3114 2772 3182 2824 et
3221 2766 3374 2841 regi
3418 2774 3754 2827 memorat
3807 2784 4054 2825 nomen
4101 2767 4217 2825 de-

2484 2886 2755 2947 cusque
2802 2867 3061 2946 quidve
3105 2872 3304 2944 petat
3345 2912 3357 2925 .
3405 2915 3418 2927 .
3468 2913 3482 2926 .
3526 2860 3727 2929 ferit’
3772 2868 3973 2945 (Verg.
4009 2873 4080 2928 A.
4123 2875 4220 2942 10,

2490 2970 2869 3047 149—154).
2956 2969 3402 3048 hypozeuxis
3443 2975 3574 3044 est,
3634 2976 3712 3031 ut
3754 2970 4058 3031 Scaurus
4101 2973 4214 3045 ait,

2484 3071 2721 3147 figura
2764 3072 3134 3147 superiori
3168 3074 3551 3145 contraria,
3597 3074 3714 3132 ubi
3752 3073 4036 3135 diversa
4063 3092 4210 3134 ver-

2483 3175 2570 3234 ba
2615 3173 2927 3249 singulis
2971 3174 3390 3250 iunguntur.

2612 3276 3005 3355 Syllepsis
3082 3283 3201 3337 est
3269 3277 3766 3337 dissimilium
3832 3298 4068 3338 rerum
4137 3282 4209 3336 et

2487 3378 3007 3449 clausularum
3053 3398 3183 3456 per
3226 3399 3445 3438 unum
3488 3380 3787 3441 verbum
3832 3378 4206 3454 congluti-

2485 3485 2663 3540 nata
2708 3481 3140 3556 conceptio.

2615 3583 2697 3638 De
2739 3581 2999 3656 syllepsi.
3092 3582 3375 3657 Syllepszls·
3418 3593 3505 3642 est
3547 3585 3855 3661 conceptio
3871 3631 3886 3658 ‚
3930 3603 4056 3644 cum
4098 3587 4215 3643 sin·

2481 3684 2714 3762 gularis
2758 3681 2932 3740 dictio
2984 3682 3214 3760 plurali
3261 3683 3431 3743 verbo
3487 3686 3586 3746 vel
3628 3687 3946 3763 posteriori
3988 3693 4217 3749 tantum

2485 3788 2584 3850 vel
2627 3787 2835 3847 ultimo
2877 3786 3172 3859 redditur,
3231 3792 3300 3847 ut
3356 3793 3480 3848 est:
3539 3778 3690 3847 ‘hic
3732 3789 3960 3849 illius
4005 3808 4217 3862 arma,

2485 3892 2611 3951 hio
2654 3908 2923 3950 currus
2965 3882 3148 3948 fuit!
3192 3889 3396 3967 (Verg.
3436 3893 3507 3948 A.
3552 3896 3618 3963 1,
3662 3890 3781 3967 16).
3874 3894 4041 3950 item.-
4096 3934 4109 3948 .
4146 3933 4160 3948 .
4197 3931 4211 3946 .

2486 3994 2690 4071 (Ver-g.
2729 3995 2799 4050 B.
2846 3995 2898 4062 1,
2942 3995 3015 4050 81
3051 3991 3192 4070 ιφ).

2615 4097 2696 4152 De
2741 4092 3083 4170 anadzjvlosi.
3149 4095 3529 4172 Anadeplosis
3563 4104 3650 4152 esc
3675 4112 3799 4151 cum
3832 4095 4030 4151 ultima
4054 4094 4216 4168 prio-

2486 4200 2574 4255 ris
2617 4215 2814 4254 versus
2859 4195 3036 4254 ‹la-tio
3082 4198 3251 4254 mitio
3294 4199 3580 4273 sequentis
3624 4198 3871 4254 iteratur
3887 4239 3904 4265 ,
3971 4205 4034 4253 ut
4071 4187 4128 4255 ‘s
4145 4213 4178 4254 e
4193 4227 4217 4240 -

2489 4299 2756 4380 quitur
2799 4297 3367 4375 pulcherrimus
3408 4300 3655 4374 Astyr,

2552 4405 2792 4478 Astyr
2835 4419 3022 4480 equo
3065 4392 3346 4459 fidens’
3400 4397 3606 4474 (Verg.
3637 4404 3711 4457 A.
3756 4404 3848 4474 10,
3895 4404 4012 4460 180
4044 4401 4158 4480 sq.)

2490 4502 2974 4579 anadiplosis
3036 4504 3153 4561 est
3213 4500 3779 4576 congeminatio
3843 4503 4220 4564 dictionis

2492 4622 2579 4662 ex
2612 4604 2887 4664 ultimo
2933 4602 3101 4663 loco
3146 4603 3685 4680 praecedentis
3728 4612 3804 4663 et
3833 4605 4218 4682 principio

2491 4705 2910 4786 sequentis.
